snap,ts_ns,side,rank,price,size
0,1784621730147963300,b,0,66240.38,0.03887981
0,1784621730147963300,b,1,66239.05,0.01509684
0,1784621730147963300,b,2,66238.73,0.00683906
0,1784621730147963300,b,3,66237.56,0.001541
0,1784621730147963300,b,4,66237.48,0.0007456
0,1784621730147963300,b,5,66236.8,0.00153174
0,1784621730147963300,b,6,66236.5,0.00660464
0,1784621730147963300,b,7,66236.43,0.03434449
0,1784621730147963300,b,8,66236,0.0079
0,1784621730147963300,b,9,66235.64,0.52015733
0,1784621730147963300,b,10,66234,0.0083
0,1784621730147963300,b,11,66233.6,0.00153174
0,1784621730147963300,a,0,66240.39,1.74598343
0,1784621730147963300,a,1,66241.72,0.01509622
0,1784621730147963300,a,2,66242,0.0079
0,1784621730147963300,a,3,66242.05,0.0056779
0,1784621730147963300,a,4,66242.45,0.0227032
0,1784621730147963300,a,5,66242.46,0.07209876
0,1784621730147963300,a,6,66242.47,0.12076844
0,1784621730147963300,a,7,66243.2,0.00153174
0,1784621730147963300,a,8,66243.4,0.09070899
0,1784621730147963300,a,9,66243.41,0.12364228
0,1784621730147963300,a,10,66244,0.0079
0,1784621730147963300,a,11,66244.28,0.00660473
1,1784621731100776000,b,0,66222.2,0.00155556
1,1784621731100776000,b,1,66221.53,0.00528526
1,1784621731100776000,b,2,66221.5,0.10989397
1,1784621731100776000,b,3,66220.8,0.00153174
1,1784621731100776000,b,4,66220,0.01
1,1784621731100776000,b,5,66219.87,0.00528526
1,1784621731100776000,b,6,66219.79,1.7e-05
1,1784621731100776000,b,7,66218.55,0.62002035
1,1784621731100776000,b,8,66218.5,0.06
1,1784621731100776000,b,9,66217.64,0.00660657
1,1784621731100776000,b,10,66217.6,0.00153174
1,1784621731100776000,b,11,66217.52,0.00044028
1,1784621731100776000,a,0,66223.77,0.03342
1,1784621731100776000,a,1,66223.79,0.05872
1,1784621731100776000,a,2,66227.08,0.0253
1,1784621731100776000,a,3,66227.22,0.11600899
1,1784621731100776000,a,4,66227.8,0.09553241
1,1784621731100776000,a,5,66227.81,0.12900255
1,1784621731100776000,a,6,66228.08,0.0227032
1,1784621731100776000,a,7,66230.16,0.09070899
1,1784621731100776000,a,8,66232.15,0.09070899
1,1784621731100776000,a,9,66233.55,0.12078471
1,1784621731100776000,a,10,66234.13,0.22404106
1,1784621731100776000,a,11,66234.14,0.09070899
2,1784621731271491800,b,0,66229.47,0.03420281
2,1784621731271491800,b,1,66229.46,0.03420281
2,1784621731271491800,b,2,66229.45,0.03420281
2,1784621731271491800,b,3,66223.87,0.00528497
2,1784621731271491800,b,4,66223.21,0.00011868
2,1784621731271491800,b,5,66222.94,5.064e-05
2,1784621731271491800,b,6,66222.21,0.02528497
2,1784621731271491800,b,7,66220.8,0.00153174
2,1784621731271491800,b,8,66220.59,0.00010127
2,1784621731271491800,b,9,66220,0.01
2,1784621731271491800,b,10,66219.79,1.7e-05
2,1784621731271491800,b,11,66219.34,0.00660624
2,1784621731271491800,a,0,66230.16,0.09070899
2,1784621731271491800,a,1,66231.1,0.00660624
2,1784621731271491800,a,2,66231.69,0.00660618
2,1784621731271491800,a,3,66232.15,0.09070899
2,1784621731271491800,a,4,66233.76,0.06281
2,1784621731271491800,a,5,66233.93,0.06281
2,1784621731271491800,a,6,66234.14,0.09070899
2,1784621731271491800,a,7,66235.88,0.0075455
2,1784621731271491800,a,8,66235.89,0.03342
2,1784621731271491800,a,9,66237.73,0.0227032
2,1784621731271491800,a,10,66238,0.09070899
2,1784621731271491800,a,11,66238.01,0.03342
3,1784621731566438400,b,0,66225.42,0.04717729
3,1784621731566438400,b,1,66224.09,0.01510024
3,1784621731566438400,b,2,66223.21,0.00011868
3,1784621731566438400,b,3,66221.5,0.02604761
3,1784621731566438400,b,4,66220.8,0.00153174
3,1784621731566438400,b,5,66220.45,0.00755054
3,1784621731566438400,b,6,66220,0.01
3,1784621731566438400,b,7,66219.79,1.7e-05
3,1784621731566438400,b,8,66219,1
3,1784621731566438400,b,9,66218.8,0.00755073
3,1784621731566438400,b,10,66217.63,0.04540639
3,1784621731566438400,b,11,66217.6,0.00153174
3,1784621731566438400,a,0,66225.43,0.14110988
3,1784621731566438400,a,1,66225.62,0.09070899
3,1784621731566438400,a,2,66226,0.0083
3,1784621731566438400,a,3,66226.19,0.12079814
3,1784621731566438400,a,4,66226.76,0.01509964
3,1784621731566438400,a,5,66227.09,0.00528497
3,1784621731566438400,a,6,66227.67,0.09070899
3,1784621731566438400,a,7,66228,0.0083
3,1784621731566438400,a,8,66229.32,0.00660622
3,1784621731566438400,a,9,66230,0.0083
3,1784621731566438400,a,10,66230.6,0.09070899
3,1784621731566438400,a,11,66231.99,0.02
4,1784621732497011000,b,0,66225.42,0.08151309
4,1784621732497011000,b,1,66224.09,0.01510024
4,1784621732497011000,b,2,66223.21,0.00011868
4,1784621732497011000,b,3,66221.5,0.02604761
4,1784621732497011000,b,4,66220.8,0.00153174
4,1784621732497011000,b,5,66220.45,0.00755054
4,1784621732497011000,b,6,66220,0.01
4,1784621732497011000,b,7,66219.8,0.02
4,1784621732497011000,b,8,66219.79,1.7e-05
4,1784621732497011000,b,9,66219.01,0.02
4,1784621732497011000,b,10,66219,1
4,1784621732497011000,b,11,66218.8,0.01510146
4,1784621732497011000,a,0,66225.43,0.18280683
4,1784621732497011000,a,1,66225.61,0.20917127
4,1784621732497011000,a,2,66225.62,0.09070899
4,1784621732497011000,a,3,66225.63,0.001641
4,1784621732497011000,a,4,66226,0.0083
4,1784621732497011000,a,5,66226.19,0.12079814
4,1784621732497011000,a,6,66226.76,0.01509964
4,1784621732497011000,a,7,66227.09,0.00528497
4,1784621732497011000,a,8,66227.67,0.09070899
4,1784621732497011000,a,9,66228,0.0083
4,1784621732497011000,a,10,66228.32,0.00292268
4,1784621732497011000,a,11,66229.32,0.00660622
5,1784621733356898100,b,0,66223.21,0.03422149
5,1784621733356898100,b,1,66221.58,0.01339307
5,1784621733356898100,b,2,66221.5,0.02604761
5,1784621733356898100,b,3,66220.8,0.00153174
5,1784621733356898100,b,4,66220.45,0.00755054
5,1784621733356898100,b,5,66220,0.01
5,1784621733356898100,b,6,66219.79,1.7e-05
5,1784621733356898100,b,7,66217.6,0.00153174
5,1784621733356898100,b,8,66216.08,1.637e-05
5,1784621733356898100,b,9,66215.69,0.04540639
5,1784621733356898100,b,10,66215,0.01
5,1784621733356898100,b,11,66214.4,0.00153174
5,1784621733356898100,a,0,66225.43,0.10967851
5,1784621733356898100,a,1,66225.61,0.09590963
5,1784621733356898100,a,2,66226,0.0083
5,1784621733356898100,a,3,66226.19,0.12079814
5,1784621733356898100,a,4,66226.76,0.01509964
5,1784621733356898100,a,5,66227.09,0.00528497
5,1784621733356898100,a,6,66227.48,0.06305228
5,1784621733356898100,a,7,66227.49,0.09070899
5,1784621733356898100,a,8,66228,0.0083
5,1784621733356898100,a,9,66229.32,0.00660622
5,1784621733356898100,a,10,66230,0.0083
5,1784621733356898100,a,11,66230.59,0.07029585
6,1784621734186337400,b,0,66221.58,0.04749565
6,1784621734186337400,b,1,66221.5,0.02604761
6,1784621734186337400,b,2,66220.8,0.00153174
6,1784621734186337400,b,3,66220.25,0.01510112
6,1784621734186337400,b,4,66220,0.01
6,1784621734186337400,b,5,66219.79,1.7e-05
6,1784621734186337400,b,6,66219,1
6,1784621734186337400,b,7,66217.6,0.00153174
6,1784621734186337400,b,8,66216.61,0.01510196
6,1784621734186337400,b,9,66216.08,1.637e-05
6,1784621734186337400,b,10,66215.69,0.04540639
6,1784621734186337400,b,11,66215,0.01
6,1784621734186337400,a,0,66221.59,0.2697286
6,1784621734186337400,a,1,66222.92,0.01510052
6,1784621734186337400,a,2,66223.22,0.16995862
6,1784621734186337400,a,3,66223.25,0.00528528
6,1784621734186337400,a,4,66223.71,0.001633
6,1784621734186337400,a,5,66224,0.0083
6,1784621734186337400,a,6,66224.1,0.09070899
6,1784621734186337400,a,7,66225.43,0.06721261
6,1784621734186337400,a,8,66225.47,0.00292273
6,1784621734186337400,a,9,66225.48,0.0066066
6,1784621734186337400,a,10,66226,0.0083
6,1784621734186337400,a,11,66227.48,0.06305228
7,1784621735826241600,b,0,66221.58,0.10094092
7,1784621735826241600,b,1,66221.5,0.02604761
7,1784621735826241600,b,2,66220.8,0.00153174
7,1784621735826241600,b,3,66220.25,0.01510112
7,1784621735826241600,b,4,66220,0.01
7,1784621735826241600,b,5,66219.79,1.7e-05
7,1784621735826241600,b,6,66219,1
7,1784621735826241600,b,7,66217.6,0.00153174
7,1784621735826241600,b,8,66216.61,0.01510196
7,1784621735826241600,b,9,66216.08,1.637e-05
7,1784621735826241600,b,10,66215.69,0.04540639
7,1784621735826241600,b,11,66215,0.01
7,1784621735826241600,a,0,66221.59,0.32656206
7,1784621735826241600,a,1,66222.92,0.01510052
7,1784621735826241600,a,2,66223.19,0.20526075
7,1784621735826241600,a,3,66223.2,0.09070899
7,1784621735826241600,a,4,66223.22,0.12080354
7,1784621735826241600,a,5,66223.25,0.00528528
7,1784621735826241600,a,6,66223.71,0.001633
7,1784621735826241600,a,7,66224.69,0.00292273
7,1784621735826241600,a,8,66225.29,0.09070899
7,1784621735826241600,a,9,66225.43,0.01685122
7,1784621735826241600,a,10,66225.48,0.0066066
7,1784621735826241600,a,11,66226,0.0083
8,1784621737945771900,b,0,66221.58,0.08778198
8,1784621737945771900,b,1,66221.5,0.02604761
8,1784621737945771900,b,2,66221.31,0.01728991
8,1784621737945771900,b,3,66220.8,0.00153174
8,1784621737945771900,b,4,66220.25,0.01510112
8,1784621737945771900,b,5,66220,0.01
8,1784621737945771900,b,6,66219.79,1.7e-05
8,1784621737945771900,b,7,66219,1
8,1784621737945771900,b,8,66217.6,0.00153174
8,1784621737945771900,b,9,66216.61,0.01510196
8,1784621737945771900,b,10,66216.08,1.637e-05
8,1784621737945771900,b,11,66215.69,0.04540639
8,1784621737945771900,a,0,66221.59,0.32626733
8,1784621737945771900,a,1,66222.92,0.01510052
8,1784621737945771900,a,2,66223.18,0.09070899
8,1784621737945771900,a,3,66223.19,1.07739606
8,1784621737945771900,a,4,66223.22,0.12080354
8,1784621737945771900,a,5,66223.25,0.00528528
8,1784621737945771900,a,6,66223.71,0.001633
8,1784621737945771900,a,7,66224.73,0.00292273
8,1784621737945771900,a,8,66225.43,1.52167115
8,1784621737945771900,a,9,66225.48,0.0066066
8,1784621737945771900,a,10,66226,0.0083
8,1784621737945771900,a,11,66226.1,0.09070899
9,1784621739896955400,b,0,66224.54,0.24732014
9,1784621739896955400,b,1,66223.72,0.03460281
9,1784621739896955400,b,2,66223.71,0.03460281
9,1784621739896955400,b,3,66223.19,0.04868227
9,1784621739896955400,b,4,66223.18,0.03728227
9,1784621739896955400,b,5,66222.01,0.04540639
9,1784621739896955400,b,6,66222,1
9,1784621739896955400,b,7,66221.58,0.00188727
9,1784621739896955400,b,8,66221.5,0.02604761
9,1784621739896955400,b,9,66221.31,0.01728991
9,1784621739896955400,b,10,66220.8,0.00153174
9,1784621739896955400,b,11,66220,0.01
9,1784621739896955400,a,0,66223.15,0.00846314
9,1784621739896955400,a,1,66223.19,1.07739606
9,1784621739896955400,a,2,66224.57,0.00528523
9,1784621739896955400,a,3,66225.42,0.0227032
9,1784621739896955400,a,4,66225.43,1.50481993
9,1784621739896955400,a,5,66225.62,0.15099896
9,1784621739896955400,a,6,66226.8,0.00660654
9,1784621739896955400,a,7,66228,0.0083
9,1784621739896955400,a,8,66229.24,0.05415327
9,1784621739896955400,a,9,66229.25,0.09070899
9,1784621739896955400,a,10,66229.8,0.07762743
9,1784621739896955400,a,11,66230,0.0083
10,1784621741407509400,b,0,66233.31,0.17377
10,1784621741407509400,b,1,66232.28,0.08533522
10,1784621741407509400,b,2,66232.27,0.07355014
10,1784621741407509400,b,3,66231.43,0.08328508
10,1784621741407509400,b,4,66231.42,0.08328508
10,1784621741407509400,b,5,66228.29,0.04
10,1784621741407509400,b,6,66228.28,0.03460281
10,1784621741407509400,b,7,66223.5,1.7e-05
10,1784621741407509400,b,8,66222.04,0.12068938
10,1784621741407509400,b,9,66222.03,0.09070899
10,1784621741407509400,b,10,66222.01,0.04540639
10,1784621741407509400,b,11,66221.78,0.01997145
10,1784621741407509400,a,0,66224.55,0.27969205
10,1784621741407509400,a,1,66225.31,0.01510201
10,1784621741407509400,a,2,66225.42,0.98852388
10,1784621741407509400,a,3,66225.62,0.15099896
10,1784621741407509400,a,4,66226.21,0.00528504
10,1784621741407509400,a,5,66228,0.0083
10,1784621741407509400,a,6,66228.44,0.00660631
10,1784621741407509400,a,7,66229.44,0.05415327
10,1784621741407509400,a,8,66229.45,0.09070899
10,1784621741407509400,a,9,66230,0.0083
10,1784621741407509400,a,10,66231.44,0.09070899
10,1784621741407509400,a,11,66232.28,0.0227032
11,1784621741867167300,b,0,66234.14,0.08980281
11,1784621741867167300,b,1,66233.69,0.02400064
11,1784621741867167300,b,2,66233.32,0.01216089
11,1784621741867167300,b,3,66232.81,0.01509826
11,1784621741867167300,b,4,66232.69,0.02400064
11,1784621741867167300,b,5,66231.66,0.00528431
11,1784621741867167300,b,6,66229.43,0.00660539
11,1784621741867167300,b,7,66228.01,0.04540639
11,1784621741867167300,b,8,66228,1
11,1784621741867167300,b,9,66227.19,0.0007549
11,1784621741867167300,b,10,66226.99,0.12079666
11,1784621741867167300,b,11,66224.94,0.10209749
11,1784621741867167300,a,0,66234.15,0.0597916
11,1784621741867167300,a,1,66234.63,1.7e-05
11,1784621741867167300,a,2,66235.47,0.0189526
11,1784621741867167300,a,3,66235.48,0.01509764
11,1784621741867167300,a,4,66236,0.0091
11,1784621741867167300,a,5,66236.03,0.00754876
11,1784621741867167300,a,6,66236.62,0.01510214
11,1784621741867167300,a,7,66236.8,0.00153174
11,1784621741867167300,a,8,66237.18,0.00038328
11,1784621741867167300,a,9,66237.96,0.11223229
11,1784621741867167300,a,10,66237.97,0.09070899
11,1784621741867167300,a,11,66237.99,0.06810959
12,1784621742341383500,b,0,66219.79,1.7e-05
12,1784621742341383500,b,1,66216.08,1.637e-05
12,1784621742341383500,b,2,66215,0.01
12,1784621742341383500,b,3,66214.48,0.00075501
12,1784621742341383500,b,4,66214.4,0.00153174
12,1784621742341383500,b,5,66214.15,0.00750622
12,1784621742341383500,b,6,66213.04,0.61341548
12,1784621742341383500,b,7,66212.37,1.7e-05
12,1784621742341383500,b,8,66211.2,0.00153174
12,1784621742341383500,b,9,66211.02,0.93722307
12,1784621742341383500,b,10,66211,0.05
12,1784621742341383500,b,11,66210.48,5.064e-05
12,1784621742341383500,a,0,66220.01,0.08410305
12,1784621742341383500,a,1,66220.81,0.03342
12,1784621742341383500,a,2,66222.24,0.05640576
12,1784621742341383500,a,3,66222.58,0.02868227
12,1784621742341383500,a,4,66222.79,0.04848227
12,1784621742341383500,a,5,66222.8,0.0227032
12,1784621742341383500,a,6,66224,0.0091
12,1784621742341383500,a,7,66224.41,0.43396559
12,1784621742341383500,a,8,66224.43,0.04540639
12,1784621742341383500,a,9,66224.78,0.09070899
12,1784621742341383500,a,10,66226,0.0091
12,1784621742341383500,a,11,66226.76,0.05564256
13,1784621742567478300,b,0,66220,0.03420281
13,1784621742567478300,b,1,66219.79,1.7e-05
13,1784621742567478300,b,2,66219,1
13,1784621742567478300,b,3,66216.08,1.637e-05
13,1784621742567478300,b,4,66216.07,0.001583
13,1784621742567478300,b,5,66215.01,0.01541001
13,1784621742567478300,b,6,66215,0.01
13,1784621742567478300,b,7,66214.82,0.00755118
13,1784621742567478300,b,8,66214.48,0.00075501
13,1784621742567478300,b,9,66214.15,0.00750622
13,1784621742567478300,b,10,66213.18,0.1479531
13,1784621742567478300,b,11,66213.17,0.12082187
13,1784621742567478300,a,0,66220.01,0.19533595
13,1784621742567478300,a,1,66220.08,0.12080928
13,1784621742567478300,a,2,66222,0.09980899
13,1784621742567478300,a,3,66222.01,0.12080576
13,1784621742567478300,a,4,66222.57,0.01303133
13,1784621742567478300,a,5,66224,0.0091
13,1784621742567478300,a,6,66224.17,0.05958597
13,1784621742567478300,a,7,66224.23,0.00528531
13,1784621742567478300,a,8,66224.41,0.11341219
13,1784621742567478300,a,9,66224.95,0.0376985
13,1784621742567478300,a,10,66225.34,0.001583
13,1784621742567478300,a,11,66226,0.0091
14,1784621745297085400,b,0,66220,0.03601644
14,1784621745297085400,b,1,66219.79,1.7e-05
14,1784621745297085400,b,2,66219.59,0.02074818
14,1784621745297085400,b,3,66219,1
14,1784621745297085400,b,4,66218.67,0.01510148
14,1784621745297085400,b,5,66216.08,0.02001382
14,1784621745297085400,b,6,66216.07,0.001583
14,1784621745297085400,b,7,66215.03,0.00755116
14,1784621745297085400,b,8,66215,0.01
14,1784621745297085400,b,9,66214.15,0.00750622
14,1784621745297085400,b,10,66213.38,0.01510268
14,1784621745297085400,b,11,66213.18,0.25691042
14,1784621745297085400,a,0,66220.01,0.28565144
14,1784621745297085400,a,1,66220.07,0.22062508
14,1784621745297085400,a,2,66220.08,0.12080928
14,1784621745297085400,a,3,66221.34,0.01510088
14,1784621745297085400,a,4,66221.67,0.00528541
14,1784621745297085400,a,5,66222,0.09980899
14,1784621745297085400,a,6,66222.01,0.12080576
14,1784621745297085400,a,7,66223.9,0.00660676
14,1784621745297085400,a,8,66224,0.0091
14,1784621745297085400,a,9,66224.4,0.100535
14,1784621745297085400,a,10,66224.41,0.11341219
14,1784621745297085400,a,11,66224.95,0.0376985
15,1784621745696592300,b,0,66220,0.11615295
15,1784621745696592300,b,1,66219.99,0.03430281
15,1784621745696592300,b,2,66219,1
15,1784621745696592300,b,3,66218.72,0.03430281
15,1784621745696592300,b,4,66216.08,0.02001382
15,1784621745696592300,b,5,66216,0.0091
15,1784621745696592300,b,6,66215.8,0.001541
15,1784621745696592300,b,7,66215.03,0.00755116
15,1784621745696592300,b,8,66215,0.01
15,1784621745696592300,b,9,66214.15,0.00750622
15,1784621745696592300,b,10,66213.38,0.01510268
15,1784621745696592300,b,11,66212.37,1.7e-05
15,1784621745696592300,a,0,66220.01,0.06247097
15,1784621745696592300,a,1,66221.65,0.00528549
15,1784621745696592300,a,2,66222.4,0.05415327
15,1784621745696592300,a,3,66222.41,0.09070899
15,1784621745696592300,a,4,66223.88,0.00660686
15,1784621745696592300,a,5,66224,0.0091
15,1784621745696592300,a,6,66224.39,0.0227032
15,1784621745696592300,a,7,66224.4,0.07408483
15,1784621745696592300,a,8,66224.41,0.09070899
15,1784621745696592300,a,9,66225.07,0.001541
15,1784621745696592300,a,10,66226,0.0091
15,1784621745696592300,a,11,66226.51,0.04540639
16,1784621747466621200,b,0,66220,0.06586594
16,1784621747466621200,b,1,66219.99,0.03430281
16,1784621747466621200,b,2,66219,1
16,1784621747466621200,b,3,66218.55,0.01568268
16,1784621747466621200,b,4,66216.08,0.02001382
16,1784621747466621200,b,5,66216,0.0091
16,1784621747466621200,b,6,66215.8,0.001541
16,1784621747466621200,b,7,66215.03,0.01510232
16,1784621747466621200,b,8,66215,0.01
16,1784621747466621200,b,9,66214.15,0.00750622
16,1784621747466621200,b,10,66213.38,0.01510268
16,1784621747466621200,b,11,66212.78,0.04540639
16,1784621747466621200,a,0,66220.01,0.28068124
16,1784621747466621200,a,1,66221.24,0.11653525
16,1784621747466621200,a,2,66221.25,0.15100894
16,1784621747466621200,a,3,66221.65,0.00528549
16,1784621747466621200,a,4,66222,0.0091
16,1784621747466621200,a,5,66223.32,0.00120811
16,1784621747466621200,a,6,66223.88,0.00660686
16,1784621747466621200,a,7,66223.99,0.02533919
16,1784621747466621200,a,8,66224,0.0091
16,1784621747466621200,a,9,66224.39,0.0227032
16,1784621747466621200,a,10,66225.07,0.001541
16,1784621747466621200,a,11,66226,0.0091
17,1784621748751465600,b,0,66215.03,0.01510232
17,1784621748751465600,b,1,66215,0.01
17,1784621748751465600,b,2,66214.15,0.00750622
17,1784621748751465600,b,3,66213.38,0.01510268
17,1784621748751465600,b,4,66211,0.05
17,1784621748751465600,b,5,66210.49,0.001584
17,1784621748751465600,b,6,66210.48,5.064e-05
17,1784621748751465600,b,7,66210,0.01
17,1784621748751465600,b,8,66208.66,1.7e-05
17,1784621748751465600,b,9,66208,0.00153174
17,1784621748751465600,b,10,66207.65,0.00010127
17,1784621748751465600,b,11,66206.47,0.00754552
17,1784621748751465600,a,0,66216.73,0.09070899
17,1784621748751465600,a,1,66218,0.0091
17,1784621748751465600,a,2,66219.01,0.0227032
17,1784621748751465600,a,3,66219.99,0.26217785
17,1784621748751465600,a,4,66220,0.15337671
17,1784621748751465600,a,5,66220.01,0.13912385
17,1784621748751465600,a,6,66221.65,0.00528549
17,1784621748751465600,a,7,66222.26,0.09070899
17,1784621748751465600,a,8,66222.72,0.03769888
17,1784621748751465600,a,9,66223.32,0.00120811
17,1784621748751465600,a,10,66223.33,0.00158
17,1784621748751465600,a,11,66223.88,0.00660686
18,1784621748926290300,b,0,66209.89,0.09566385
18,1784621748926290300,b,1,66209.02,0.04
18,1784621748926290300,b,2,66209.01,0.04
18,1784621748926290300,b,3,66208.66,1.7e-05
18,1784621748926290300,b,4,66206,0.0091
18,1784621748926290300,b,5,66205,0.01
18,1784621748926290300,b,6,66204.95,1.7e-05
18,1784621748926290300,b,7,66204.8,0.00153174
18,1784621748926290300,b,8,66204.01,0.05958597
18,1784621748926290300,b,9,66204,0.0091
18,1784621748926290300,b,10,66203.7,0.09070899
18,1784621748926290300,b,11,66203.11,0.04540639
18,1784621748926290300,a,0,66209.9,0.01510418
18,1784621748926290300,a,1,66210,0.0091
18,1784621748926290300,a,2,66211,0.00528622
18,1784621748926290300,a,3,66211.21,0.12082546
18,1784621748926290300,a,4,66211.99,0.01898651
18,1784621748926290300,a,5,66212,0.0091
18,1784621748926290300,a,6,66212.38,0.0227032
18,1784621748926290300,a,7,66212.67,0.00528613
18,1784621748926290300,a,8,66213.33,0.09146967
18,1784621748926290300,a,9,66213.34,0.09070899
18,1784621748926290300,a,10,66213.39,0.03769888
18,1784621748926290300,a,11,66214,0.0091
19,1784621750795843100,b,0,66209.89,0.05381369
19,1784621750795843100,b,1,66208.66,1.7e-05
19,1784621750795843100,b,2,66206.47,0.001591
19,1784621750795843100,b,3,66206,0.0091
19,1784621750795843100,b,4,66205.01,0.02
19,1784621750795843100,b,5,66205,0.01
19,1784621750795843100,b,6,66204.95,1.7e-05
19,1784621750795843100,b,7,66204.92,0.01510462
19,1784621750795843100,b,8,66204.81,0.02
19,1784621750795843100,b,9,66204.8,0.00153174
19,1784621750795843100,b,10,66204.02,0.02
19,1784621750795843100,b,11,66204.01,0.02
19,1784621750795843100,a,0,66209.9,0.20916902
19,1784621750795843100,a,1,66210,0.0091
19,1784621750795843100,a,2,66211.19,0.14914969
19,1784621750795843100,a,3,66211.2,0.09070899
19,1784621750795843100,a,4,66211.21,0.12082546
19,1784621750795843100,a,5,66211.56,0.00528621
19,1784621750795843100,a,6,66212,0.0091
19,1784621750795843100,a,7,66212.3,0.00120811
19,1784621750795843100,a,8,66212.38,0.0227032
19,1784621750795843100,a,9,66213.33,0.09146967
19,1784621750795843100,a,10,66213.34,0.09070899
19,1784621750795843100,a,11,66213.39,0.03769888
20,1784621751736492000,b,0,66208.66,1.7e-05
20,1784621751736492000,b,1,66206,0.01433886
20,1784621751736492000,b,2,66205,0.01
20,1784621751736492000,b,3,66204.95,1.7e-05
20,1784621751736492000,b,4,66204.92,0.01510462
20,1784621751736492000,b,5,66204.8,0.00153174
20,1784621751736492000,b,6,66204,0.0091
20,1784621751736492000,b,7,66203.27,0.0075525
20,1784621751736492000,b,8,66203.18,0.001636
20,1784621751736492000,b,9,66202.04,0.00755264
20,1784621751736492000,b,10,66201.6,0.00153174
20,1784621751736492000,b,11,66201.24,1.7e-05
20,1784621751736492000,a,0,66208.67,0.33751669
20,1784621751736492000,a,1,66209.89,0.2705517
20,1784621751736492000,a,2,66209.9,0.05797427
20,1784621751736492000,a,3,66210,0.0091
20,1784621751736492000,a,4,66210.52,0.03769888
20,1784621751736492000,a,5,66211.2,0.09070899
20,1784621751736492000,a,6,66211.21,0.12082546
20,1784621751736492000,a,7,66211.56,0.00528621
20,1784621751736492000,a,8,66212,0.0091
20,1784621751736492000,a,9,66212.38,0.0227032
20,1784621751736492000,a,10,66212.45,0.001636
20,1784621751736492000,a,11,66213.33,0.20975455
21,1784621752748404800,b,0,66205.09,0.03430278
21,1784621752748404800,b,1,66205.01,0.03430281
21,1784621752748404800,b,2,66204.95,0.03431981
21,1784621752748404800,b,3,66203.69,0.00755245
21,1784621752748404800,b,4,66202.04,0.00755264
21,1784621752748404800,b,5,66202,0.0091
21,1784621752748404800,b,6,66201.6,0.00153174
21,1784621752748404800,b,7,66201.51,0.001607
21,1784621752748404800,b,8,66201.24,1.7e-05
21,1784621752748404800,b,9,66201.04,0.09070899
21,1784621752748404800,b,10,66201.03,0.00755275
21,1784621752748404800,b,11,66201,1
21,1784621752748404800,a,0,66205.1,0.19653042
21,1784621752748404800,a,1,66206,0.34018204
21,1784621752748404800,a,2,66206.01,0.09070899
21,1784621752748404800,a,3,66206.23,0.0227032
21,1784621752748404800,a,4,66206.76,0.0052866
21,1784621752748404800,a,5,66207.97,0.15103921
21,1784621752748404800,a,6,66208,0.0091
21,1784621752748404800,a,7,66208.67,0.19539609
21,1784621752748404800,a,8,66208.99,0.00660825
21,1784621752748404800,a,9,66210,0.01244413
21,1784621752748404800,a,10,66210.51,0.23540168
21,1784621752748404800,a,11,66210.52,0.03769888
22,1784621753445993000,b,0,66207.13,0.03420281
22,1784621753445993000,b,1,66206.12,0.03420281
22,1784621753445993000,b,2,66206.1,0.03430281
22,1784621753445993000,b,3,66205.11,0.03430281
22,1784621753445993000,b,4,66205.1,0.03430281
22,1784621753445993000,b,5,66205.09,0.03447874
22,1784621753445993000,b,6,66205.01,0.03430281
22,1784621753445993000,b,7,66204.95,0.04830482
22,1784621753445993000,b,8,66202,0.0091
22,1784621753445993000,b,9,66201.6,0.00153174
22,1784621753445993000,b,10,66201.24,1.7e-05
22,1784621753445993000,b,11,66201.05,0.18192555
22,1784621753445993000,a,0,66207.14,0.54855268
22,1784621753445993000,a,1,66207.97,0.18242927
22,1784621753445993000,a,2,66207.98,0.04165083
22,1784621753445993000,a,3,66208,0.09980899
22,1784621753445993000,a,4,66209.3,0.0377067
22,1784621753445993000,a,5,66209.64,0.00528648
22,1784621753445993000,a,6,66209.98,0.15739609
22,1784621753445993000,a,7,66209.99,0.09070899
22,1784621753445993000,a,8,66210,0.0091
22,1784621753445993000,a,9,66210.4,0.0227032
22,1784621753445993000,a,10,66210.91,0.15103252
22,1784621753445993000,a,11,66211.87,0.0066081
23,1784621754155627600,b,0,66207.13,0.12913539
23,1784621754155627600,b,1,66206.12,0.03420281
23,1784621754155627600,b,2,66206.1,0.03430281
23,1784621754155627600,b,3,66206,0.0091
23,1784621754155627600,b,4,66205.18,0.13611538
23,1784621754155627600,b,5,66205.11,0.03430281
23,1784621754155627600,b,6,66205.1,0.03430281
23,1784621754155627600,b,7,66205.09,0.03447874
23,1784621754155627600,b,8,66205.01,0.03430281
23,1784621754155627600,b,9,66204.95,0.04830482
23,1784621754155627600,b,10,66204,0.0091
23,1784621754155627600,b,11,66203.06,0.09070899
23,1784621754155627600,a,0,66207.14,0.0578837
23,1784621754155627600,a,1,66207.18,0.12083282
23,1784621754155627600,a,2,66207.98,0.02006856
23,1784621754155627600,a,3,66208.8,0.00528643
23,1784621754155627600,a,4,66210,0.0091
23,1784621754155627600,a,5,66210.9,0.09954415
23,1784621754155627600,a,6,66210.91,0.15103252
23,1784621754155627600,a,7,66211.87,0.0066081
23,1784621754155627600,a,8,66212,0.0091
23,1784621754155627600,a,9,66213.48,0.001592
23,1784621754155627600,a,10,66214,0.0091
23,1784621754155627600,a,11,66215.61,0.05959612
24,1784621754916409000,b,0,66202.16,0.04930805
24,1784621754916409000,b,1,66201.24,1.7e-05
24,1784621754916409000,b,2,66201,1
24,1784621754916409000,b,3,66200.52,0.04540639
24,1784621754916409000,b,4,66200.51,0.01510562
24,1784621754916409000,b,5,66200.1,0.001614
24,1784621754916409000,b,6,66200,0.01912996
24,1784621754916409000,b,7,66198.4,0.00153174
24,1784621754916409000,b,8,66198,0.0091
24,1784621754916409000,b,9,66197.53,1.7e-05
24,1784621754916409000,b,10,66195.49,5.064e-05
24,1784621754916409000,b,11,66195.2,0.00153174
24,1784621754916409000,a,0,66204,0.0091
24,1784621754916409000,a,1,66205.01,0.05316896
24,1784621754916409000,a,2,66205.02,0.04788227
24,1784621754916409000,a,3,66205.08,0.12083664
24,1784621754916409000,a,4,66205.11,0.09070899
24,1784621754916409000,a,5,66206,0.0091
24,1784621754916409000,a,6,66206.13,0.12083473
24,1784621754916409000,a,7,66206.76,0.0052866
24,1784621754916409000,a,8,66207.12,0.04540639
24,1784621754916409000,a,9,66207.13,0.12363853
24,1784621754916409000,a,10,66207.14,0.07530397
24,1784621754916409000,a,11,66207.16,0.11341219
25,1784621755626328100,b,0,66202.16,0.00755227
25,1784621755626328100,b,1,66201.24,1.7e-05
25,1784621755626328100,b,2,66201,1
25,1784621755626328100,b,3,66200.83,0.01510556
25,1784621755626328100,b,4,66200.51,0.00755281
25,1784621755626328100,b,5,66200.1,0.001614
25,1784621755626328100,b,6,66200,0.01002996
25,1784621755626328100,b,7,66198.4,0.00153174
25,1784621755626328100,b,8,66198,0.0091
25,1784621755626328100,b,9,66197.79,0.00755312
25,1784621755626328100,b,10,66197.53,1.7e-05
25,1784621755626328100,b,11,66195.49,5.064e-05
25,1784621755626328100,a,0,66202.17,0.41477583
25,1784621755626328100,a,1,66202.75,0.09070899
25,1784621755626328100,a,2,66202.76,0.24263803
25,1784621755626328100,a,3,66202.77,0.12084086
25,1784621755626328100,a,4,66203.5,0.01510494
25,1784621755626328100,a,5,66203.83,0.00528683
25,1784621755626328100,a,6,66204,0.0091
25,1784621755626328100,a,7,66205.11,0.09070899
25,1784621755626328100,a,8,66205.16,0.00267534
25,1784621755626328100,a,9,66206,0.0091
25,1784621755626328100,a,10,66206.06,0.00660854
25,1784621755626328100,a,11,66206.13,0.12083473
26,1784621756326685100,b,0,66200,0.03539447
26,1784621756326685100,b,1,66198.67,0.01510604
26,1784621756326685100,b,2,66198.51,0.001595
26,1784621756326685100,b,3,66198,0.0091
26,1784621756326685100,b,4,66197.53,1.7e-05
26,1784621756326685100,b,5,66197.19,0.00755319
26,1784621756326685100,b,6,66196,0.0091
26,1784621756326685100,b,7,66195.55,0.02
26,1784621756326685100,b,8,66195.54,0.00755338
26,1784621756326685100,b,9,66195.5,0.02
26,1784621756326685100,b,10,66195.49,5.064e-05
26,1784621756326685100,b,11,66195.21,0.02
26,1784621756326685100,a,0,66200.01,0.12169337
26,1784621756326685100,a,1,66200.1,0.21080399
26,1784621756326685100,a,2,66200.11,0.12115667
26,1784621756326685100,a,3,66201.34,0.01510544
26,1784621756326685100,a,4,66201.67,0.005287
26,1784621756326685100,a,5,66202,0.0091
26,1784621756326685100,a,6,66202.17,0.09143408
26,1784621756326685100,a,7,66202.77,0.12084086
26,1784621756326685100,a,8,66203.86,0.00267536
26,1784621756326685100,a,9,66203.9,0.00660876
26,1784621756326685100,a,10,66203.99,0.06896397
26,1784621756326685100,a,11,66204,0.0091
27,1784621756727929900,b,0,66188.56,0.12813548
27,1784621756727929900,b,1,66185.6,0.03420281
27,1784621756727929900,b,2,66185.15,0.03410281
27,1784621756727929900,b,3,66185.14,0.03539432
27,1784621756727929900,b,4,66182.69,1.7e-05
27,1784621756727929900,b,5,66182.4,0.00153174
27,1784621756727929900,b,6,66182.04,4.912e-05
27,1784621756727929900,b,7,66180,0.01
27,1784621756727929900,b,8,66179.76,9.824e-05
27,1784621756727929900,b,9,66179.27,0.18192555
27,1784621756727929900,b,10,66179.2,0.00153174
27,1784621756727929900,b,11,66178.98,1.7e-05
27,1784621756727929900,a,0,66188.57,0.0553
27,1784621756727929900,a,1,66190.07,0.0227032
27,1784621756727929900,a,2,66190.12,0.09070899
27,1784621756727929900,a,3,66193.84,0.00660982
27,1784621756727929900,a,4,66194.09,0.15371292
27,1784621756727929900,a,5,66194.1,0.09070899
27,1784621756727929900,a,6,66196.38,0.09070899
27,1784621756727929900,a,7,66197.53,1.7e-05
27,1784621756727929900,a,8,66197.98,0.001636
27,1784621756727929900,a,9,66198,0.0091
27,1784621756727929900,a,10,66200,0.29012816
27,1784621756727929900,a,11,66200.01,0.03893933
28,1784621756976500900,b,0,66188.56,0.03420272
28,1784621756976500900,b,1,66186,0.0091
28,1784621756976500900,b,2,66184,0.0091
28,1784621756976500900,b,3,66183.6,0.00755474
28,1784621756976500900,b,4,66182.86,0.001598
28,1784621756976500900,b,5,66182.81,0.04540639
28,1784621756976500900,b,6,66182.69,1.7e-05
28,1784621756976500900,b,7,66182.4,0.00153174
28,1784621756976500900,b,8,66180,0.01
28,1784621756976500900,b,9,66179.2,0.00153174
28,1784621756976500900,b,10,66178.98,0.00757227
28,1784621756976500900,b,11,66178.11,0.02830942
28,1784621756976500900,a,0,66188.57,0.09417872
28,1784621756976500900,a,1,66188.97,0.08841075
28,1784621756976500900,a,2,66190,0.0091
28,1784621756976500900,a,3,66190.23,0.00528792
28,1784621756976500900,a,4,66190.92,0.09070899
28,1784621756976500900,a,5,66192,0.0091
28,1784621756976500900,a,6,66192.41,0.001598
28,1784621756976500900,a,7,66192.46,0.0066099
28,1784621756976500900,a,8,66194.06,0.06810959
28,1784621756976500900,a,9,66194.07,0.11845995
28,1784621756976500900,a,10,66194.08,0.09070899
28,1784621756976500900,a,11,66196.56,0.06231
29,1784621757385703400,b,0,66187.23,0.03420277
29,1784621757385703400,b,1,66186,0.0091
29,1784621757385703400,b,2,66185.9,0.01510896
29,1784621757385703400,b,3,66184,0.0091
29,1784621757385703400,b,4,66183.6,0.01510948
29,1784621757385703400,b,5,66182.69,1.7e-05
29,1784621757385703400,b,6,66182.4,0.00153174
29,1784621757385703400,b,7,66182,0.0091
29,1784621757385703400,b,8,66181.94,0.00755493
29,1784621757385703400,b,9,66180.5,0.02
29,1784621757385703400,b,10,66180.49,0.20192555
29,1784621757385703400,b,11,66180.48,0.09070899
29,1784621757385703400,a,0,66187.24,0.2273915
29,1784621757385703400,a,1,66188,0.0091
29,1784621757385703400,a,2,66188.56,0.0279436
29,1784621757385703400,a,3,66188.57,0.01510834
29,1784621757385703400,a,4,66188.9,0.00528802
29,1784621757385703400,a,5,66189.84,0.0377067
29,1784621757385703400,a,6,66190,0.0091
29,1784621757385703400,a,7,66190.28,0.15468058
29,1784621757385703400,a,8,66190.29,0.15107956
29,1784621757385703400,a,9,66190.92,0.09070899
29,1784621757385703400,a,10,66191.13,0.00661003
29,1784621757385703400,a,11,66192,0.0091
30,1784621758135854100,b,0,66193.26,0.05940278
30,1784621758135854100,b,1,66191.12,0.17377
30,1784621758135854100,b,2,66190,0.0091
30,1784621758135854100,b,3,66188.57,0.08075321
30,1784621758135854100,b,4,66188.56,0.02
30,1784621758135854100,b,5,66188,0.0091
30,1784621758135854100,b,6,66187.43,0.09070899
30,1784621758135854100,b,7,66187.24,0.10375454
30,1784621758135854100,b,8,66187.23,0.00017616
30,1784621758135854100,b,9,66186.02,0.10565651
30,1784621758135854100,b,10,66186.01,0.04540639
30,1784621758135854100,b,11,66186,0.0091
30,1784621758135854100,a,0,66192.41,0.001598
30,1784621758135854100,a,1,66193.52,0.10556999
30,1784621758135854100,a,2,66193.53,0.15107217
30,1784621758135854100,a,3,66194.25,0.00267549
30,1784621758135854100,a,4,66194.39,0.00038328
30,1784621758135854100,a,5,66196,0.0091
30,1784621758135854100,a,6,66197.46,0.00076656
30,1784621758135854100,a,7,66197.53,1.7e-05
30,1784621758135854100,a,8,66197.61,5.82e-05
30,1784621758135854100,a,9,66197.95,0.0168354
30,1784621758135854100,a,10,66198,0.0091
30,1784621758135854100,a,11,66200,0.08935
31,1784621758867720000,b,0,66193.26,0.03410267
31,1784621758867720000,b,1,66191.93,0.01510758
31,1784621758867720000,b,2,66190.09,0.09070899
31,1784621758867720000,b,3,66190,0.0091
31,1784621758867720000,b,4,66188.57,0.10535566
31,1784621758867720000,b,5,66188,0.0091
31,1784621758867720000,b,6,66187.43,0.09070899
31,1784621758867720000,b,7,66187.24,0.05649
31,1784621758867720000,b,8,66187.23,0.00017616
31,1784621758867720000,b,9,66186.04,0.02
31,1784621758867720000,b,10,66186.03,0.18192555
31,1784621758867720000,b,11,66186.02,0.77215076
31,1784621758867720000,a,0,66193.27,0.2913618
31,1784621758867720000,a,1,66193.32,0.00267544
31,1784621758867720000,a,2,66193.51,0.001616
31,1784621758867720000,a,3,66194.23,0.001638
31,1784621758867720000,a,4,66194.39,0.00038328
31,1784621758867720000,a,5,66194.6,0.01510698
31,1784621758867720000,a,6,66194.72,0.07758346
31,1784621758867720000,a,7,66194.73,0.12085555
31,1784621758867720000,a,8,66194.93,0.00528754
31,1784621758867720000,a,9,66196,0.0091
31,1784621758867720000,a,10,66196.75,0.0227032
31,1784621758867720000,a,11,66196.76,0.11536796
32,1784621759445668000,b,0,66188.3,0.06065116
32,1784621759445668000,b,1,66187.23,0.00017616
32,1784621759445668000,b,2,66186.97,0.01510872
32,1784621759445668000,b,3,66186.64,0.01510878
32,1784621759445668000,b,4,66186,0.0091
32,1784621759445668000,b,5,66184,0.01944054
32,1784621759445668000,b,6,66183.41,0.09070899
32,1784621759445668000,b,7,66183.34,0.00755477
32,1784621759445668000,b,8,66183.1,0.001623
32,1784621759445668000,b,9,66182.69,1.7e-05
32,1784621759445668000,b,10,66182.41,0.02
32,1784621759445668000,b,11,66182.4,0.00153174
32,1784621759445668000,a,0,66188.31,0.1646618
32,1784621759445668000,a,1,66188.48,0.07215756
32,1784621759445668000,a,2,66188.49,0.12086694
32,1784621759445668000,a,3,66189.64,0.0151081
32,1784621759445668000,a,4,66189.97,0.00528794
32,1784621759445668000,a,5,66191.32,0.0227032
32,1784621759445668000,a,6,66191.92,0.09070899
32,1784621759445668000,a,7,66191.93,0.20068732
32,1784621759445668000,a,8,66191.94,0.12086063
32,1784621759445668000,a,9,66192,0.0087
32,1784621759445668000,a,10,66192.1,0.001653
32,1784621759445668000,a,11,66192.2,0.00660992
33,1784621760487311900,b,0,66194.38,0.03400281
33,1784621760487311900,b,1,66192.21,0.03400281
33,1784621760487311900,b,2,66192.1,0.03400281
33,1784621760487311900,b,3,66192,0.0087
33,1784621760487311900,b,4,66191.93,0.02
33,1784621760487311900,b,5,66190,0.0087
33,1784621760487311900,b,6,66188.31,0.13070899
33,1784621760487311900,b,7,66188,0.010258
33,1784621760487311900,b,8,66187.23,0.00017616
33,1784621760487311900,b,9,66186.4,1.7e-05
33,1784621760487311900,b,10,66186.09,0.20690914
33,1784621760487311900,b,11,66186.08,0.18192555
33,1784621760487311900,a,0,66194.39,0.02568328
33,1784621760487311900,a,1,66195.65,0.00528756
33,1784621760487311900,a,2,66196,0.0091
33,1784621760487311900,a,3,66196.74,0.08000153
33,1784621760487311900,a,4,66196.75,0.0227032
33,1784621760487311900,a,5,66197.31,0.001558
33,1784621760487311900,a,6,66197.46,0.00076656
33,1784621760487311900,a,7,66197.53,1.7e-05
33,1784621760487311900,a,8,66197.61,5.82e-05
33,1784621760487311900,a,9,66197.88,0.00660945
33,1784621760487311900,a,10,66198,0.0091
33,1784621760487311900,a,11,66199.99,0.09070899
34,1784621761126077200,b,0,66199.99,0.03073613
34,1784621761126077200,b,1,66198.66,0.01510604
34,1784621761126077200,b,2,66197.42,0.04540639
34,1784621761126077200,b,3,66196.31,0.09070899
34,1784621761126077200,b,4,66193.44,0.09070899
34,1784621761126077200,b,5,66192.12,0.18192555
34,1784621761126077200,b,6,66192.01,0.04540639
34,1784621761126077200,b,7,66192,0.0087
34,1784621761126077200,b,8,66191.81,0.0075538
34,1784621761126077200,b,9,66190.85,0.09070899
34,1784621761126077200,b,10,66190.11,1.7e-05
34,1784621761126077200,b,11,66190,0.0187
34,1784621761126077200,a,0,66200,0.12954592
34,1784621761126077200,a,1,66200.1,0.12504509
34,1784621761126077200,a,2,66200.11,0.04171595
34,1784621761126077200,a,3,66200.7,0.0001164
34,1784621761126077200,a,4,66201.24,1.7e-05
34,1784621761126077200,a,5,66201.33,0.01510544
34,1784621761126077200,a,6,66202,0.0091
34,1784621761126077200,a,7,66202.33,0.00038328
34,1784621761126077200,a,8,66202.97,5.82e-05
34,1784621761126077200,a,9,66202.99,0.15105059
34,1784621761126077200,a,10,66203.38,0.07545938
34,1784621761126077200,a,11,66203.4,0.0227032
35,1784621762585689300,b,0,66199.99,0.04433859
35,1784621762585689300,b,1,66198.66,0.01510604
35,1784621762585689300,b,2,66197.42,0.04540639
35,1784621762585689300,b,3,66195.03,0.00755344
35,1784621762585689300,b,4,66194.96,0.001654
35,1784621762585689300,b,5,66194.43,0.00939424
35,1784621762585689300,b,6,66193.73,0.17470282
35,1784621762585689300,b,7,66193.62,0.02
35,1784621762585689300,b,8,66193.44,0.09070899
35,1784621762585689300,b,9,66193.37,0.01510726
35,1784621762585689300,b,10,66192.2,0.02
35,1784621762585689300,b,11,66192.19,0.10742417
35,1784621762585689300,a,0,66200,0.2371478
35,1784621762585689300,a,1,66200.07,0.25173582
35,1784621762585689300,a,2,66200.08,0.09070899
35,1784621762585689300,a,3,66200.09,0.0227032
35,1784621762585689300,a,4,66200.11,0.00031095
35,1784621762585689300,a,5,66200.7,0.0001164
35,1784621762585689300,a,6,66201.24,1.7e-05
35,1784621762585689300,a,7,66201.33,0.01510544
35,1784621762585689300,a,8,66202,0.0091
35,1784621762585689300,a,9,66202.33,0.00038328
35,1784621762585689300,a,10,66202.79,0.09070899
35,1784621762585689300,a,11,66202.97,5.82e-05
36,1784621764165827800,b,0,66195.03,0.04125625
36,1784621764165827800,b,1,66192.54,0.001648
36,1784621764165827800,b,2,66192.02,0.02
36,1784621764165827800,b,3,66192.01,0.04540639
36,1784621764165827800,b,4,66192,0.0087
36,1784621764165827800,b,5,66190.11,1.7e-05
36,1784621764165827800,b,6,66190,0.0187
36,1784621764165827800,b,7,66188.01,0.02
36,1784621764165827800,b,8,66188,0.0087
36,1784621764165827800,b,9,66187.23,0.00017616
36,1784621764165827800,b,10,66186.64,0.09070899
36,1784621764165827800,b,11,66186.4,1.7e-05
36,1784621764165827800,a,0,66195.04,0.25923596
36,1784621764165827800,a,1,66196,0.0087
36,1784621764165827800,a,2,66197.38,0.09070899
36,1784621764165827800,a,3,66197.42,0.19229509
36,1784621764165827800,a,4,66197.43,0.138526
36,1784621764165827800,a,5,66198,0.0087
36,1784621764165827800,a,6,66200,0.14957632
36,1784621764165827800,a,7,66200.03,0.13683983
36,1784621764165827800,a,8,66200.04,0.09070899
36,1784621764165827800,a,9,66200.09,0.0227032
36,1784621764165827800,a,10,66200.11,0.00031095
36,1784621764165827800,a,11,66200.7,0.0001164
37,1784621765845369800,b,0,66195.03,0.04907068
37,1784621765845369800,b,1,66194.38,0.01415033
37,1784621765845369800,b,2,66193.7,0.01510718
37,1784621765845369800,b,3,66192.54,0.001648
37,1784621765845369800,b,4,66192,0.0087
37,1784621765845369800,b,5,66190.11,1.7e-05
37,1784621765845369800,b,6,66190.07,0.015108
37,1784621765845369800,b,7,66190,0.0187
37,1784621765845369800,b,8,66189.26,0.26705486
37,1784621765845369800,b,9,66189.24,0.02
37,1784621765845369800,b,10,66189.23,0.09070899
37,1784621765845369800,b,11,66188.41,0.01510838
37,1784621765845369800,a,0,66195.04,0.43981079
37,1784621765845369800,a,1,66196.37,0.01510656
37,1784621765845369800,a,2,66197.37,0.12613687
37,1784621765845369800,a,3,66197.43,0.12085061
37,1784621765845369800,a,4,66198,0.0087
37,1784621765845369800,a,5,66199.31,0.09070899
37,1784621765845369800,a,6,66200,0.0087
37,1784621765845369800,a,7,66200.03,0.10797241
37,1784621765845369800,a,8,66200.09,0.0227032
37,1784621765845369800,a,9,66200.11,0.00031095
37,1784621765845369800,a,10,66200.7,0.0001164
37,1784621765845369800,a,11,66201.24,1.7e-05
38,1784621767496517400,b,0,66195.03,0.05884643
38,1784621767496517400,b,1,66193.7,0.01510718
38,1784621767496517400,b,2,66193.37,0.0052874
38,1784621767496517400,b,3,66192.54,0.001648
38,1784621767496517400,b,4,66191.14,0.00660925
38,1784621767496517400,b,5,66190.39,0.00604006
38,1784621767496517400,b,6,66190.11,1.7e-05
38,1784621767496517400,b,7,66190.07,0.015108
38,1784621767496517400,b,8,66190,0.0187
38,1784621767496517400,b,9,66188.41,0.00755419
38,1784621767496517400,b,10,66188,0.0087
38,1784621767496517400,b,11,66187.23,0.00017616
38,1784621767496517400,a,0,66195.04,0.54225114
38,1784621767496517400,a,1,66196,0.0087
38,1784621767496517400,a,2,66196.37,0.01510656
38,1784621767496517400,a,3,66197.35,0.19084215
38,1784621767496517400,a,4,66197.36,0.09070899
38,1784621767496517400,a,5,66197.43,0.12085061
38,1784621767496517400,a,6,66198,0.0087
38,1784621767496517400,a,7,66199.53,0.09070899
38,1784621767496517400,a,8,66200,0.0087
38,1784621767496517400,a,9,66200.03,0.10797241
38,1784621767496517400,a,10,66200.09,0.0227032
38,1784621767496517400,a,11,66200.11,0.00031095
39,1784621768255381100,b,0,66192.05,0.09140495
39,1784621768255381100,b,1,66190.72,0.01510786
39,1784621768255381100,b,2,66190.11,1.7e-05
39,1784621768255381100,b,3,66190,0.01
39,1784621768255381100,b,4,66189.44,0.001641
39,1784621768255381100,b,5,66188.41,0.00755419
39,1784621768255381100,b,6,66187.24,0.02
39,1784621768255381100,b,7,66187.23,0.00017616
39,1784621768255381100,b,8,66187.09,0.00755434
39,1784621768255381100,b,9,66187.05,0.09070899
39,1784621768255381100,b,10,66186.41,0.02
39,1784621768255381100,b,11,66186.4,1.7e-05
39,1784621768255381100,a,0,66192.06,0.22598492
39,1784621768255381100,a,1,66193.39,0.01510724
39,1784621768255381100,a,2,66193.71,0.1435606
39,1784621768255381100,a,3,66193.72,0.00528764
39,1784621768255381100,a,4,66195.04,0.13407018
39,1784621768255381100,a,5,66195.95,0.00660955
39,1784621768255381100,a,6,66196,0.0087
39,1784621768255381100,a,7,66197.65,0.14960098
39,1784621768255381100,a,8,66197.66,0.09070899
39,1784621768255381100,a,9,66198,0.0087
39,1784621768255381100,a,10,66198.75,0.001641
39,1784621768255381100,a,11,66199.97,0.09070899
40,1784621769589992800,b,0,66188.48,0.11959961
40,1784621769589992800,b,1,66188.45,0.03390281
40,1784621769589992800,b,2,66188.44,0.03390279
40,1784621769589992800,b,3,66188.43,0.03390281
40,1784621769589992800,b,4,66188.42,0.03390281
40,1784621769589992800,b,5,66188.41,0.03390281
40,1784621769589992800,b,6,66187.23,0.00017616
40,1784621769589992800,b,7,66187.15,0.00755434
40,1784621769589992800,b,8,66187.1,0.02
40,1784621769589992800,b,9,66187.08,0.00755434
40,1784621769589992800,b,10,66186.41,0.02
40,1784621769589992800,b,11,66186.4,1.7e-05
40,1784621769589992800,a,0,66188.49,0.04304447
40,1784621769589992800,a,1,66189.25,0.22755424
40,1784621769589992800,a,2,66189.26,0.12086554
40,1784621769589992800,a,3,66189.82,0.01510806
40,1784621769589992800,a,4,66190,0.0087
40,1784621769589992800,a,5,66190.12,0.12086395
40,1784621769589992800,a,6,66190.14,0.00528793
40,1784621769589992800,a,7,66190.53,0.0026755
40,1784621769589992800,a,8,66192,0.0087
40,1784621769589992800,a,9,66192.37,0.00660991
40,1784621769589992800,a,10,66192.41,0.001643
40,1784621769589992800,a,11,66193.69,0.04540639
41,1784621769827281700,b,0,66204.03,0.03370281
41,1784621769827281700,b,1,66204.02,0.07910361
41,1784621769827281700,b,2,66204.01,0.08038508
41,1784621769827281700,b,3,66204,0.03370281
41,1784621769827281700,b,4,66203.99,0.03370281
41,1784621769827281700,b,5,66198.11,0.001654
41,1784621769827281700,b,6,66197.27,0.09070899
41,1784621769827281700,b,7,66197.19,0.12085104
41,1784621769827281700,b,8,66196.35,0.05415327
41,1784621769827281700,b,9,66195.05,0.09070899
41,1784621769827281700,b,10,66193.79,0.15107155
41,1784621769827281700,b,11,66192.68,0.15021318
41,1784621769827281700,a,0,66204.95,1.7e-05
41,1784621769827281700,a,1,66206,0.11959961
41,1784621769827281700,a,2,66207.4,0.00153313
41,1784621769827281700,a,3,66208,0.01063174
41,1784621769827281700,a,4,66208.66,1.7e-05
41,1784621769827281700,a,5,66208.68,0.00076656
41,1784621769827281700,a,6,66210.54,0.0227032
41,1784621769827281700,a,7,66211.2,0.00153174
41,1784621769827281700,a,8,66212.37,1.7e-05
41,1784621769827281700,a,9,66213.84,0.00592
41,1784621769827281700,a,10,66214.05,9.439e-05
41,1784621769827281700,a,11,66214.4,0.00153174
42,1784621770068767200,b,0,66203.01,0.001618
42,1784621770068767200,b,1,66202.54,0.09070899
42,1784621770068767200,b,2,66201.36,0.00528669
42,1784621770068767200,b,3,66199.77,0.36487218
42,1784621770068767200,b,4,66196.35,0.64422988
42,1784621770068767200,b,5,66195.06,0.18192555
42,1784621770068767200,b,6,66193.59,0.15107201
42,1784621770068767200,b,7,66192.38,0.001619
42,1784621770068767200,b,8,66191.44,0.00583
42,1784621770068767200,b,9,66191.31,0.00075523
42,1784621770068767200,b,10,66191.29,0.001559
42,1784621770068767200,b,11,66190.16,0.00754552
42,1784621770068767200,a,0,66204.95,1.7e-05
42,1784621770068767200,a,1,66206,0.0082
42,1784621770068767200,a,2,66207.27,0.01510408
42,1784621770068767200,a,3,66208,0.0091
42,1784621770068767200,a,4,66208.66,1.7e-05
42,1784621770068767200,a,5,66208.68,0.00076656
42,1784621770068767200,a,6,66210,0.0082
42,1784621770068767200,a,7,66210.22,0.00038328
42,1784621770068767200,a,8,66211.2,0.00153174
42,1784621770068767200,a,9,66211.97,5.82e-05
42,1784621770068767200,a,10,66212.37,1.7e-05
42,1784621770068767200,a,11,66212.5,0.0082
43,1784621770367183300,b,0,66200.65,0.0701008
43,1784621770367183300,b,1,66200,0.0082
43,1784621770367183300,b,2,66199.13,0.05768833
43,1784621770367183300,b,3,66198,0.0082
43,1784621770367183300,b,4,66197.81,0.04540639
43,1784621770367183300,b,5,66197.48,0.00528698
43,1784621770367183300,b,6,66196.01,0.01824568
43,1784621770367183300,b,7,66196,0.0082
43,1784621770367183300,b,8,66195.25,0.00660873
43,1784621770367183300,b,9,66194.17,0.00755354
43,1784621770367183300,b,10,66194,0.0082
43,1784621770367183300,b,11,66192.85,0.24733361
43,1784621770367183300,a,0,66199.14,0.18370103
43,1784621770367183300,a,1,66200,0.0082
43,1784621770367183300,a,2,66200.47,0.01510564
43,1784621770367183300,a,3,66201.97,0.04540639
43,1784621770367183300,a,4,66201.98,0.09070899
43,1784621770367183300,a,5,66201.99,0.12084228
43,1784621770367183300,a,6,66202,0.0082
43,1784621770367183300,a,7,66203.61,0.07750803
43,1784621770367183300,a,8,66204,0.0082
43,1784621770367183300,a,9,66204.25,0.09070899
43,1784621770367183300,a,10,66204.27,0.0227032
43,1784621770367183300,a,11,66204.95,0.02061473
44,1784621771375549300,b,0,66200.65,0.0445087
44,1784621771375549300,b,1,66199.32,0.0151059
44,1784621771375549300,b,2,66199.26,0.001603
44,1784621771375549300,b,3,66198.99,0.00528695
44,1784621771375549300,b,4,66198,0.0082
44,1784621771375549300,b,5,66197.54,0.01217846
44,1784621771375549300,b,6,66196.76,0.00660869
44,1784621771375549300,b,7,66196,0.0082
44,1784621771375549300,b,8,66195.68,0.00755336
44,1784621771375549300,b,9,66195.13,0.02
44,1784621771375549300,b,10,66195.12,0.09070899
44,1784621771375549300,b,11,66194.18,0.02
44,1784621771375549300,a,0,66200.66,0.15863179
44,1784621771375549300,a,1,66201.12,0.15819988
44,1784621771375549300,a,2,66201.13,0.12084387
44,1784621771375549300,a,3,66201.99,0.13594756
44,1784621771375549300,a,4,66202,0.0082
44,1784621771375549300,a,5,66203.59,0.13040433
44,1784621771375549300,a,6,66203.6,0.09070899
44,1784621771375549300,a,7,66204,0.0082
44,1784621771375549300,a,8,66204.95,1.7e-05
44,1784621771375549300,a,9,66205.68,0.09070899
44,1784621771375549300,a,10,66206,0.0082
44,1784621771375549300,a,11,66207.72,0.04540639
45,1784621772885181200,b,0,66200.65,0.03333468
45,1784621772885181200,b,1,66199.32,0.0151059
45,1784621772885181200,b,2,66199.26,0.001603
45,1784621772885181200,b,3,66198,0.0082
45,1784621772885181200,b,4,66196.01,0.02
45,1784621772885181200,b,5,66196,0.0082
45,1784621772885181200,b,6,66195.69,0.02
45,1784621772885181200,b,7,66195.68,0.01510672
45,1784621772885181200,b,8,66195.51,0.00075527
45,1784621772885181200,b,9,66194.24,0.09070899
45,1784621772885181200,b,10,66194.23,0.02
45,1784621772885181200,b,11,66194.04,0.02
45,1784621772885181200,a,0,66200.66,0.20637553
45,1784621772885181200,a,1,66201.1,0.0227032
45,1784621772885181200,a,2,66201.11,0.09070899
45,1784621772885181200,a,3,66201.12,0.15819988
45,1784621772885181200,a,4,66201.13,0.12084387
45,1784621772885181200,a,5,66201.99,0.13594756
45,1784621772885181200,a,6,66202,0.0082
45,1784621772885181200,a,7,66203.59,0.13040433
45,1784621772885181200,a,8,66203.6,0.09070899
45,1784621772885181200,a,9,66204,0.0082
45,1784621772885181200,a,10,66204.95,1.7e-05
45,1784621772885181200,a,11,66205.68,0.09070899
46,1784621774036067200,b,0,66197.43,0.08918588
46,1784621774036067200,b,1,66197.42,0.03320281
46,1784621774036067200,b,2,66197.41,0.03320281
46,1784621774036067200,b,3,66196.41,0.04540639
46,1784621774036067200,b,4,66196.1,0.01510664
46,1784621774036067200,b,5,66196,0.0082
46,1784621774036067200,b,6,66194.8,0.001541
46,1784621774036067200,b,7,66194.04,0.02
46,1784621774036067200,b,8,66194,0.0082
46,1784621774036067200,b,9,66193.95,0.00075531
46,1784621774036067200,b,10,66193.27,0.02
46,1784621774036067200,b,11,66193.13,0.16578873
46,1784621774036067200,a,0,66197.44,0.05977967
46,1784621774036067200,a,1,66198.76,0.01707016
46,1784621774036067200,a,2,66198.77,0.01510602
46,1784621774036067200,a,3,66199.1,0.00528721
46,1784621774036067200,a,4,66200,0.0082
46,1784621774036067200,a,5,66200.61,0.19713971
46,1784621774036067200,a,6,66200.62,0.151056
46,1784621774036067200,a,7,66200.66,0.05094007
46,1784621774036067200,a,8,66201.1,0.0227032
46,1784621774036067200,a,9,66201.11,0.09070899
46,1784621774036067200,a,10,66201.33,0.00660901
46,1784621774036067200,a,11,66202,0.0082
47,1784621775357389200,b,0,66200,0.0082
47,1784621775357389200,b,1,66199.27,0.0151059
47,1784621775357389200,b,2,66198,0.0082
47,1784621775357389200,b,3,66197.03,0.00075528
47,1784621775357389200,b,4,66196.56,0.001551
47,1784621775357389200,b,5,66196.55,0.01003425
47,1784621775357389200,b,6,66196.42,0.15942827
47,1784621775357389200,b,7,66196.41,0.04540639
47,1784621775357389200,b,8,66196,0.0082
47,1784621775357389200,b,9,66195.33,0.09070899
47,1784621775357389200,b,10,66194.66,0.01510696
47,1784621775357389200,b,11,66194,0.0082
47,1784621775357389200,a,0,66200.61,0.1422053
47,1784621775357389200,a,1,66200.66,0.00087661
47,1784621775357389200,a,2,66201.09,0.01749939
47,1784621775357389200,a,3,66201.1,0.0227032
47,1784621775357389200,a,4,66201.94,0.0151053
47,1784621775357389200,a,5,66202.26,0.00528699
47,1784621775357389200,a,6,66203.43,0.10392296
47,1784621775357389200,a,7,66203.44,0.15104957
47,1784621775357389200,a,8,66204,0.0082
47,1784621775357389200,a,9,66204.49,0.00660874
47,1784621775357389200,a,10,66204.95,1.7e-05
47,1784621775357389200,a,11,66206,0.0082
48,1784621775774503400,b,0,66202.17,0.09218517
48,1784621775774503400,b,1,66202,0.0082
48,1784621775774503400,b,2,66201.06,0.02
48,1784621775774503400,b,3,66200.84,0.01510554
48,1784621775774503400,b,4,66200,0.0082
48,1784621775774503400,b,5,66198,0.0082
48,1784621775774503400,b,6,66197.44,0.05460415
48,1784621775774503400,b,7,66197.43,0.09070899
48,1784621775774503400,b,8,66197.24,0.00075524
48,1784621775774503400,b,9,66196.61,0.00767798
48,1784621775774503400,b,10,66196.41,0.04540639
48,1784621775774503400,b,11,66196,0.0082
48,1784621775774503400,a,0,66202.18,0.14354514
48,1784621775774503400,a,1,66203.51,0.01510494
48,1784621775774503400,a,2,66204.14,0.12209616
48,1784621775774503400,a,3,66204.15,0.09070899
48,1784621775774503400,a,4,66204.95,0.11825468
48,1784621775774503400,a,5,66206,0.0082
48,1784621775774503400,a,6,66207.66,0.11420702
48,1784621775774503400,a,7,66207.67,0.09070899
48,1784621775774503400,a,8,66208,0.0091
48,1784621775774503400,a,9,66208.66,1.7e-05
48,1784621775774503400,a,10,66208.68,0.00076656
48,1784621775774503400,a,11,66209.79,0.09070899
49,1784621776645375400,b,0,66204.94,0.20943281
49,1784621776645375400,b,1,66202.19,0.04957213
49,1784621776645375400,b,2,66202.18,0.06540639
49,1784621776645375400,b,3,66202,0.0078
49,1784621776645375400,b,4,66200.62,0.001629
49,1784621776645375400,b,5,66200,0.0082
49,1784621776645375400,b,6,66199.44,0.26245598
49,1784621776645375400,b,7,66199.43,0.09070899
49,1784621776645375400,b,8,66199.33,0.12084712
49,1784621776645375400,b,9,66198.85,0.00075526
49,1784621776645375400,b,10,66198,0.0082
49,1784621776645375400,b,11,66197.43,0.09070899
49,1784621776645375400,a,0,66204.95,0.11837317
49,1784621776645375400,a,1,66207.66,0.08839291
49,1784621776645375400,a,2,66208,0.0091
49,1784621776645375400,a,3,66208.66,1.7e-05
49,1784621776645375400,a,4,66208.68,0.00076656
49,1784621776645375400,a,5,66209.96,0.10441855
49,1784621776645375400,a,6,66209.97,0.0227032
49,1784621776645375400,a,7,66210,0.0082
49,1784621776645375400,a,8,66210.22,0.00038328
49,1784621776645375400,a,9,66210.82,0.001629
49,1784621776645375400,a,10,66211.2,0.00153174
49,1784621776645375400,a,11,66211.44,9.439e-05
50,1784621777181424100,b,0,66208.65,0.23834504
50,1784621777181424100,b,1,66208.27,1.5e-07
50,1784621777181424100,b,2,66208,0.0078
50,1784621777181424100,b,3,66207.32,0.01510408
50,1784621777181424100,b,4,66206.62,0.02
50,1784621777181424100,b,5,66206.59,0.09070899
50,1784621777181424100,b,6,66206,0.0078
50,1784621777181424100,b,7,66204.95,0.03318024
50,1784621777181424100,b,8,66204.94,0.02
50,1784621777181424100,b,9,66203.81,0.0007552
50,1784621777181424100,b,10,66203.28,0.00528661
50,1784621777181424100,b,11,66202.45,0.12084144
50,1784621777181424100,a,0,66208.66,1.7e-05
50,1784621777181424100,a,1,66210.22,0.00038328
50,1784621777181424100,a,2,66211.2,0.00153174
50,1784621777181424100,a,3,66211.22,9.439e-05
50,1784621777181424100,a,4,66211.45,0.01850802
50,1784621777181424100,a,5,66211.46,0.01510312
50,1784621777181424100,a,6,66211.96,0.00792908
50,1784621777181424100,a,7,66211.97,5.82e-05
50,1784621777181424100,a,8,66212,0.0078
50,1784621777181424100,a,9,66212.21,0.00755148
50,1784621777181424100,a,10,66212.35,9.439e-05
50,1784621777181424100,a,11,66212.37,1.7e-05
51,1784621777816895700,b,0,66208.65,0.10652662
51,1784621777816895700,b,1,66208.27,1.5e-07
51,1784621777816895700,b,2,66207.32,0.01510408
51,1784621777816895700,b,3,66206.99,0.00528631
51,1784621777816895700,b,4,66206.81,0.00075518
51,1784621777816895700,b,5,66206.33,0.00154
51,1784621777816895700,b,6,66206,0.0078
51,1784621777816895700,b,7,66204.96,0.03149646
51,1784621777816895700,b,8,66204.95,0.01835
51,1784621777816895700,b,9,66204.94,0.02
51,1784621777816895700,b,10,66204.76,0.00660789
51,1784621777816895700,b,11,66204,0.0078
51,1784621777816895700,a,0,66208.66,0.01621344
51,1784621777816895700,a,1,66209.05,0.12082941
51,1784621777816895700,a,2,66209.99,0.03780666
51,1784621777816895700,a,3,66210.16,0.19563661
51,1784621777816895700,a,4,66210.17,0.09070899
51,1784621777816895700,a,5,66210.22,0.00038328
51,1784621777816895700,a,6,66211.2,0.00153174
51,1784621777816895700,a,7,66211.22,9.439e-05
51,1784621777816895700,a,8,66211.96,0.00792908
51,1784621777816895700,a,9,66211.97,5.82e-05
51,1784621777816895700,a,10,66212,0.0078
51,1784621777816895700,a,11,66212.21,0.00755148
52,1784621778056296700,b,0,66203.96,0.03300278
52,1784621778056296700,b,1,66203.34,0.03290281
52,1784621778056296700,b,2,66202.22,0.00755262
52,1784621778056296700,b,3,66200.37,0.00755283
52,1784621778056296700,b,4,66200,0.0078
52,1784621778056296700,b,5,66198.72,0.00755302
52,1784621778056296700,b,6,66198.32,0.00755306
52,1784621778056296700,b,7,66198.01,0.02
52,1784621778056296700,b,8,66198,0.0078
52,1784621778056296700,b,9,66197.53,1.7e-05
52,1784621778056296700,b,10,66196.27,0.00075524
52,1784621778056296700,b,11,66196,0.0082
52,1784621778056296700,a,0,66203.97,0.11341219
52,1784621778056296700,a,1,66204,0.0078
52,1784621778056296700,a,2,66206.72,0.06383269
52,1784621778056296700,a,3,66207.02,0.09070899
52,1784621778056296700,a,4,66208.66,0.01621344
52,1784621778056296700,a,5,66209.98,0.19163122
52,1784621778056296700,a,6,66209.99,0.0227032
52,1784621778056296700,a,7,66210,0.0078
52,1784621778056296700,a,8,66210.17,0.09070899
52,1784621778056296700,a,9,66210.22,0.00038328
52,1784621778056296700,a,10,66211.2,0.00153174
52,1784621778056296700,a,11,66211.95,0.02
53,1784621778817188600,b,0,66202.22,0.08777024
53,1784621778817188600,b,1,66200.89,0.01510554
53,1784621778817188600,b,2,66200.37,0.00755283
53,1784621778817188600,b,3,66200,0.0078
53,1784621778817188600,b,4,66198.73,0.04540639
53,1784621778817188600,b,5,66198.72,0.00755302
53,1784621778817188600,b,6,66198.45,0.01038114
53,1784621778817188600,b,7,66198.01,0.02
53,1784621778817188600,b,8,66198,0.0078
53,1784621778817188600,b,9,66197.53,1.7e-05
53,1784621778817188600,b,10,66197.35,0.02
53,1784621778817188600,b,11,66197.34,0.00755317
53,1784621778817188600,a,0,66202.23,0.19575308
53,1784621778817188600,a,1,66203.35,0.04491123
53,1784621778817188600,a,2,66203.56,0.01510492
53,1784621778817188600,a,3,66203.97,0.11341219
53,1784621778817188600,a,4,66204,0.0078
53,1784621778817188600,a,5,66206,0.0078
53,1784621778817188600,a,6,66206.52,0.15104253
53,1784621778817188600,a,7,66206.72,0.06383269
53,1784621778817188600,a,8,66207.02,0.09070899
53,1784621778817188600,a,9,66208,0.0078
53,1784621778817188600,a,10,66208.66,0.01621344
53,1784621778817188600,a,11,66209.97,0.02
54,1784621779406121900,b,0,66208.03,0.03280281
54,1784621779406121900,b,1,66208.02,0.03280281
54,1784621779406121900,b,2,66208.01,0.03280281
54,1784621779406121900,b,3,66208,0.03280281
54,1784621779406121900,b,4,66206,0.0078
54,1784621779406121900,b,5,66204,0.0078
54,1784621779406121900,b,6,66203.01,0.001617
54,1784621779406121900,b,7,66202.23,0.0455085
54,1784621779406121900,b,8,66202.22,0.0212502
54,1784621779406121900,b,9,66202,0.0078
54,1784621779406121900,b,10,66200.57,0.00528677
54,1784621779406121900,b,11,66200,0.0078
54,1784621779406121900,a,0,66208.66,1.7e-05
54,1784621779406121900,a,1,66209.97,0.03791447
54,1784621779406121900,a,2,66209.99,0.0227032
54,1784621779406121900,a,3,66210.22,0.00038328
54,1784621779406121900,a,4,66211.03,9.44e-05
54,1784621779406121900,a,5,66211.2,0.00153174
54,1784621779406121900,a,6,66211.8,0.0079291
54,1784621779406121900,a,7,66211.97,5.82e-05
54,1784621779406121900,a,8,66212,0.0078
54,1784621779406121900,a,9,66212.02,0.0075515
54,1784621779406121900,a,10,66212.14,9.439e-05
54,1784621779406121900,a,11,66212.37,1.7e-05
55,1784621779815914400,b,0,66208.65,0.03831085
55,1784621779815914400,b,1,66207.32,0.01510408
55,1784621779815914400,b,2,66206.99,0.00528631
55,1784621779815914400,b,3,66204.76,0.00660789
55,1784621779815914400,b,4,66204,0.0078
55,1784621779815914400,b,5,66202.24,0.18192555
55,1784621779815914400,b,6,66202.22,0.0012502
55,1784621779815914400,b,7,66202,0.0078
55,1784621779815914400,b,8,66200.16,0.18192555
55,1784621779815914400,b,9,66200.13,0.12084566
55,1784621779815914400,b,10,66200,0.0078
55,1784621779815914400,b,11,66199.53,0.0890037
55,1784621779815914400,a,0,66208.66,0.11969558
55,1784621779815914400,a,1,66209.07,0.09070899
55,1784621779815914400,a,2,66209.08,0.0227032
55,1784621779815914400,a,3,66209.09,0.12082934
55,1784621779815914400,a,4,66209.99,0.01510346
55,1784621779815914400,a,5,66210,0.0078
55,1784621779815914400,a,6,66210.22,0.00038328
55,1784621779815914400,a,7,66211.03,9.44e-05
55,1784621779815914400,a,8,66211.2,0.00153174
55,1784621779815914400,a,9,66211.44,0.09070899
55,1784621779815914400,a,10,66211.45,0.15103127
55,1784621779815914400,a,11,66211.8,0.0079291
56,1784621780697160100,b,0,66208.65,0.03831071
56,1784621780697160100,b,1,66207.32,0.01510408
56,1784621780697160100,b,2,66206.99,0.00528631
56,1784621780697160100,b,3,66204.76,0.00817789
56,1784621780697160100,b,4,66204,0.0078
56,1784621780697160100,b,5,66202.22,0.0012502
56,1784621780697160100,b,6,66202,0.0078
56,1784621780697160100,b,7,66201.89,0.00755265
56,1784621780697160100,b,8,66201.75,0.00755267
56,1784621780697160100,b,9,66200.93,0.13422426
56,1784621780697160100,b,10,66200.92,0.18192555
56,1784621780697160100,b,11,66200.19,0.02
56,1784621780697160100,a,0,66208.66,0.20527008
56,1784621780697160100,a,1,66209.07,0.3495896
56,1784621780697160100,a,2,66209.08,0.0227032
56,1784621780697160100,a,3,66209.09,0.12082934
56,1784621780697160100,a,4,66209.99,0.01510346
56,1784621780697160100,a,5,66210,0.0078
56,1784621780697160100,a,6,66210.22,0.00038328
56,1784621780697160100,a,7,66211.2,0.00153174
56,1784621780697160100,a,8,66211.44,0.09070899
56,1784621780697160100,a,9,66211.45,0.15103127
56,1784621780697160100,a,10,66211.97,5.82e-05
56,1784621780697160100,a,11,66212,0.0078
57,1784621781698303600,b,0,66208.65,0.09247538
57,1784621781698303600,b,1,66207.32,0.01510408
57,1784621781698303600,b,2,66206.99,0.00528631
57,1784621781698303600,b,3,66206.16,0.00075518
57,1784621781698303600,b,4,66206,0.0078
57,1784621781698303600,b,5,66205.61,0.01030741
57,1784621781698303600,b,6,66204.76,0.00817789
57,1784621781698303600,b,7,66204,0.0078
57,1784621781698303600,b,8,66202.96,0.18192555
57,1784621781698303600,b,9,66202.95,0.25695162
57,1784621781698303600,b,10,66202.94,0.09070899
57,1784621781698303600,b,11,66202.22,0.0012502
57,1784621781698303600,a,0,66208.66,0.08557436
57,1784621781698303600,a,1,66209.07,0.09070899
57,1784621781698303600,a,2,66209.08,0.19992186
57,1784621781698303600,a,3,66209.09,0.12082934
57,1784621781698303600,a,4,66209.99,0.01510346
57,1784621781698303600,a,5,66210.22,0.00038328
57,1784621781698303600,a,6,66211.2,0.00153174
57,1784621781698303600,a,7,66211.45,0.15103127
57,1784621781698303600,a,8,66211.97,5.82e-05
57,1784621781698303600,a,9,66212,0.0078
57,1784621781698303600,a,10,66212.37,1.7e-05
57,1784621781698303600,a,11,66212.63,9.439e-05
58,1784621782477947200,b,0,66211.96,0.09374001
58,1784621782477947200,b,1,66211.2,0.03280281
58,1784621782477947200,b,2,66210.99,0.03280281
58,1784621782477947200,b,3,66210.77,0.03280281
58,1784621782477947200,b,4,66210.76,0.03961227
58,1784621782477947200,b,5,66210.63,0.01510332
58,1784621782477947200,b,6,66210.3,0.00528605
58,1784621782477947200,b,7,66210,0.0078
58,1784621782477947200,b,8,66209.99,0.03280281
58,1784621782477947200,b,9,66209.05,0.01443126
58,1784621782477947200,b,10,66208.67,0.05071813
58,1784621782477947200,b,11,66208.66,0.03280281
58,1784621782477947200,a,0,66211.97,0.01516481
58,1784621782477947200,a,1,66212.37,1.7e-05
58,1784621782477947200,a,2,66212.63,9.439e-05
58,1784621782477947200,a,3,66212.8,0.09070899
58,1784621782477947200,a,4,66212.81,0.18762032
58,1784621782477947200,a,5,66212.82,0.12082253
58,1784621782477947200,a,6,66213.63,0.00755132
58,1784621782477947200,a,7,66214,0.0078
58,1784621782477947200,a,8,66214.29,0.0001164
58,1784621782477947200,a,9,66214.4,0.00153174
58,1784621782477947200,a,10,66214.42,0.03770646
58,1784621782477947200,a,11,66215.08,0.001657
59,1784621783840524700,b,0,66211.96,0.03523
59,1784621783840524700,b,1,66211.2,0.03280281
59,1784621783840524700,b,2,66210.99,0.03280281
59,1784621783840524700,b,3,66210.76,0.03961227
59,1784621783840524700,b,4,66210.63,0.01510332
59,1784621783840524700,b,5,66210.3,0.00528605
59,1784621783840524700,b,6,66209.99,0.03280281
59,1784621783840524700,b,7,66209.05,0.01443126
59,1784621783840524700,b,8,66208.66,0.03280281
59,1784621783840524700,b,9,66208.65,0.03355796
59,1784621783840524700,b,10,66208.07,0.00660756
59,1784621783840524700,b,11,66208,0.0078
59,1784621783840524700,a,0,66211.97,0.28255866
59,1784621783840524700,a,1,66212.37,1.7e-05
59,1784621783840524700,a,2,66212.79,0.14324019
59,1784621783840524700,a,3,66212.8,0.09070899
59,1784621783840524700,a,4,66213.3,0.0151027
59,1784621783840524700,a,5,66214,0.0078
59,1784621783840524700,a,6,66214.29,0.0001164
59,1784621783840524700,a,7,66214.4,0.00153174
59,1784621783840524700,a,8,66215.08,0.001657
59,1784621783840524700,a,9,66215.47,0.0016929
59,1784621783840524700,a,10,66215.48,0.09070899
59,1784621783840524700,a,11,66215.86,0.0227032
60,1784621784195930300,b,0,66203.52,0.04410922
60,1784621784195930300,b,1,66202.73,0.001622
60,1784621784195930300,b,2,66202.42,0.00755259
60,1784621784195930300,b,3,66202.22,0.00092016
60,1784621784195930300,b,4,66202.19,0.01510524
60,1784621784195930300,b,5,66201.24,1.7e-05
60,1784621784195930300,b,6,66200,0.0178
60,1784621784195930300,b,7,66199.63,0.0066084
60,1784621784195930300,b,8,66198.95,0.00075519
60,1784621784195930300,b,9,66198.73,0.04540639
60,1784621784195930300,b,10,66198.01,0.02
60,1784621784195930300,b,11,66198,0.0078
60,1784621784195930300,a,0,66203.53,0.16124698
60,1784621784195930300,a,1,66203.63,0.01821041
60,1784621784195930300,a,2,66204.76,0.0227032
60,1784621784195930300,a,3,66204.86,0.01510464
60,1784621784195930300,a,4,66206,0.0078
60,1784621784195930300,a,5,66206.72,0.03770646
60,1784621784195930300,a,6,66207.38,0.1309468
60,1784621784195930300,a,7,66207.39,0.09070899
60,1784621784195930300,a,8,66207.41,0.12083239
60,1784621784195930300,a,9,66208,0.0078
60,1784621784195930300,a,10,66209.98,0.04540639
60,1784621784195930300,a,11,66209.99,0.22870758
61,1784621785079760300,b,0,66204.85,0.12456845
61,1784621785079760300,b,1,66204.53,0.00075523
61,1784621785079760300,b,2,66204,0.0078
61,1784621785079760300,b,3,66203.52,0.01138297
61,1784621785079760300,b,4,66202.22,0.00092016
61,1784621785079760300,b,5,66202,0.0078
61,1784621785079760300,b,6,66201.24,1.7e-05
61,1784621785079760300,b,7,66200.37,0.00927569
61,1784621785079760300,b,8,66200,0.0178
61,1784621785079760300,b,9,66198.71,0.26279289
61,1784621785079760300,b,10,66198.7,0.09070899
61,1784621785079760300,b,11,66198.66,0.18192555
61,1784621785079760300,a,0,66204.86,0.03781123
61,1784621785079760300,a,1,66206,0.0078
61,1784621785079760300,a,2,66207.36,0.15345756
61,1784621785079760300,a,3,66207.37,0.09070899
61,1784621785079760300,a,4,66207.39,0.03770646
61,1784621785079760300,a,5,66207.41,0.12083239
61,1784621785079760300,a,6,66208,0.0078
61,1784621785079760300,a,7,66209.96,0.16423524
61,1784621785079760300,a,8,66209.97,0.09070899
61,1784621785079760300,a,9,66209.98,0.04540639
61,1784621785079760300,a,10,66210,0.0078
61,1784621785079760300,a,11,66210.31,0.0227032
62,1784621785595077000,b,0,66210.41,0.06798889
62,1784621785595077000,b,1,66209.08,0.01510366
62,1784621785595077000,b,2,66208.75,0.00528617
62,1784621785595077000,b,3,66208,0.0078
62,1784621785595077000,b,4,66206.52,0.00660772
62,1784621785595077000,b,5,66206.09,0.001558
62,1784621785595077000,b,6,66206,0.0078
62,1784621785595077000,b,7,66204.53,0.00075523
62,1784621785595077000,b,8,66204.33,0.18192555
62,1784621785595077000,b,9,66204.32,0.20132267
62,1784621785595077000,b,10,66204.03,0.09070899
62,1784621785595077000,b,11,66204.02,0.04540639
62,1784621785595077000,a,0,66210.42,0.06010883
62,1784621785595077000,a,1,66210.7,0.09070899
62,1784621785595077000,a,2,66210.73,0.23484799
62,1784621785595077000,a,3,66210.74,0.12082631
62,1784621785595077000,a,4,66211.36,9.439e-05
62,1784621785595077000,a,5,66211.75,0.01510306
62,1784621785595077000,a,6,66211.97,0.0002505
62,1784621785595077000,a,7,66212,0.0078
62,1784621785595077000,a,8,66212.25,0.03770458
62,1784621785595077000,a,9,66212.36,0.00755146
62,1784621785595077000,a,10,66212.37,1.7e-05
62,1784621785595077000,a,11,66212.75,0.09070899
63,1784621786575374800,b,0,66207.94,0.03864431
63,1784621786575374800,b,1,66206.28,0.00528637
63,1784621786575374800,b,2,66206,0.0078
63,1784621786575374800,b,3,66204.57,0.001633
63,1784621786575374800,b,4,66204.05,0.00660796
63,1784621786575374800,b,5,66204.04,0.09271311
63,1784621786575374800,b,6,66204.03,0.09070899
63,1784621786575374800,b,7,66204.02,0.04540639
63,1784621786575374800,b,8,66204,0.0078
63,1784621786575374800,b,9,66203.52,0.01138297
63,1784621786575374800,b,10,66202.39,0.0075526
63,1784621786575374800,b,11,66202.3,0.00755261
63,1784621786575374800,a,0,66207.95,0.23046912
63,1784621786575374800,a,1,66209.08,0.08568892
63,1784621786575374800,a,2,66209.09,0.0227032
63,1784621786575374800,a,3,66210,0.0078
63,1784621786575374800,a,4,66210.4,0.24902038
63,1784621786575374800,a,5,66210.42,0.15971842
63,1784621786575374800,a,6,66210.7,0.09070899
63,1784621786575374800,a,7,66211.97,0.0002505
63,1784621786575374800,a,8,66212,0.0078
63,1784621786575374800,a,9,66212.25,0.03770458
63,1784621786575374800,a,10,66212.37,1.7e-05
63,1784621786575374800,a,11,66212.75,0.09070899
64,1784621788686624000,b,0,66207.94,0.08425377
64,1784621788686624000,b,1,66207.65,0.00075519
64,1784621788686624000,b,2,66206.61,0.01510424
64,1784621788686624000,b,3,66206.28,0.00528637
64,1784621788686624000,b,4,66204.57,0.001633
64,1784621788686624000,b,5,66204.07,0.02
64,1784621788686624000,b,6,66204.05,0.00660796
64,1784621788686624000,b,7,66204.03,0.09070899
64,1784621788686624000,b,8,66204.02,0.04540639
64,1784621788686624000,b,9,66204,0.0078
64,1784621788686624000,b,10,66203.52,0.01138297
64,1784621788686624000,b,11,66202.47,0.00755259
64,1784621788686624000,a,0,66207.95,0.23584603
64,1784621788686624000,a,1,66209.08,0.08568892
64,1784621788686624000,a,2,66209.09,0.14353253
64,1784621788686624000,a,3,66209.28,0.01510362
64,1784621788686624000,a,4,66209.61,0.00528637
64,1784621788686624000,a,5,66210,0.0078
64,1784621788686624000,a,6,66210.4,0.13563247
64,1784621788686624000,a,7,66210.7,0.09070899
64,1784621788686624000,a,8,66211.84,0.00660796
64,1784621788686624000,a,9,66211.92,9.439e-05
64,1784621788686624000,a,10,66211.97,0.0002505
64,1784621788686624000,a,11,66212,0.0078
65,1784621790380450200,b,0,66207.94,0.08425362
65,1784621790380450200,b,1,66207.28,0.00075519
65,1784621790380450200,b,2,66206.61,0.01510424
65,1784621790380450200,b,3,66206.28,0.00528637
65,1784621790380450200,b,4,66204.57,0.001633
65,1784621790380450200,b,5,66204.05,0.00660796
65,1784621790380450200,b,6,66204.02,0.04540639
65,1784621790380450200,b,7,66204,0.0078
65,1784621790380450200,b,8,66203.52,0.01138297
65,1784621790380450200,b,9,66202.42,0.02
65,1784621790380450200,b,10,66202.41,0.0075526
65,1784621790380450200,b,11,66202.22,0.00092016
65,1784621790380450200,a,0,66207.95,0.34662396
65,1784621790380450200,a,1,66209.08,0.08568892
65,1784621790380450200,a,2,66209.09,0.14353253
65,1784621790380450200,a,3,66209.28,0.01510362
65,1784621790380450200,a,4,66209.61,0.00528637
65,1784621790380450200,a,5,66210,0.0078
65,1784621790380450200,a,6,66210.4,0.13563247
65,1784621790380450200,a,7,66210.7,0.09070899
65,1784621790380450200,a,8,66211.84,0.00660796
65,1784621790380450200,a,9,66211.97,0.0002505
65,1784621790380450200,a,10,66212,0.0078
65,1784621790380450200,a,11,66212.37,1.7e-05
66,1784621792977708600,b,0,66207.94,0.08467874
66,1784621792977708600,b,1,66206.76,0.00075519
66,1784621792977708600,b,2,66206.61,0.01510424
66,1784621792977708600,b,3,66206.28,0.00528637
66,1784621792977708600,b,4,66204.57,0.001633
66,1784621792977708600,b,5,66204.05,0.00660796
66,1784621792977708600,b,6,66204.02,0.04540639
66,1784621792977708600,b,7,66204,0.0078
66,1784621792977708600,b,8,66203.52,0.01138297
66,1784621792977708600,b,9,66202.56,0.02
66,1784621792977708600,b,10,66202.55,0.00755258
66,1784621792977708600,b,11,66202.46,0.00755259
66,1784621792977708600,a,0,66207.95,0.3996742
66,1784621792977708600,a,1,66208.75,0.00120853
66,1784621792977708600,a,2,66209.08,0.08568892
66,1784621792977708600,a,3,66209.09,0.14353253
66,1784621792977708600,a,4,66209.28,0.01510362
66,1784621792977708600,a,5,66209.61,0.00528637
66,1784621792977708600,a,6,66210,0.0078
66,1784621792977708600,a,7,66210.4,0.11771724
66,1784621792977708600,a,8,66210.71,0.09070899
66,1784621792977708600,a,9,66211.84,0.00660796
66,1784621792977708600,a,10,66211.92,9.439e-05
66,1784621792977708600,a,11,66211.97,0.0002505
67,1784621794957271900,b,0,66211.91,0.03300281
67,1784621794957271900,b,1,66209.65,0.00075518
67,1784621794957271900,b,2,66207.95,0.00528633
67,1784621794957271900,b,3,66207.94,0.00022535
67,1784621794957271900,b,4,66207.64,0.001627
67,1784621794957271900,b,5,66206.28,0.00528637
67,1784621794957271900,b,6,66206,0.0078
67,1784621794957271900,b,7,66205.71,0.22914762
67,1784621794957271900,b,8,66205.7,0.18192555
67,1784621794957271900,b,9,66204.08,0.02
67,1784621794957271900,b,10,66204.07,0.02
67,1784621794957271900,b,11,66204.06,0.09070899
67,1784621794957271900,a,0,66211.92,9.439e-05
67,1784621794957271900,a,1,66211.93,0.03191111
67,1784621794957271900,a,2,66211.97,0.0002505
67,1784621794957271900,a,3,66212.26,0.03770458
67,1784621794957271900,a,4,66212.37,1.7e-05
67,1784621794957271900,a,5,66212.92,0.01548037
67,1784621794957271900,a,6,66213.25,9.439e-05
67,1784621794957271900,a,7,66214,0.0078
67,1784621794957271900,a,8,66214.17,0.04540639
67,1784621794957271900,a,9,66214.29,0.0001164
67,1784621794957271900,a,10,66214.4,0.00153174
67,1784621794957271900,a,11,66214.57,0.01547998
68,1784621796156111700,b,0,66211.91,0.09126974
68,1784621796156111700,b,1,66210.69,0.00075515
68,1784621796156111700,b,2,66210.58,0.01510332
68,1784621796156111700,b,3,66210.25,0.00528605
68,1784621796156111700,b,4,66210,0.0078
68,1784621796156111700,b,5,66208.02,0.00660757
68,1784621796156111700,b,6,66208,0.0078
68,1784621796156111700,b,7,66207.94,0.00022535
68,1784621796156111700,b,8,66207.64,0.001627
68,1784621796156111700,b,9,66206.52,0.18192555
68,1784621796156111700,b,10,66206.51,0.02
68,1784621796156111700,b,11,66206.5,0.81289333
68,1784621796156111700,a,0,66211.92,0.19644699
68,1784621796156111700,a,1,66211.97,0.0002505
68,1784621796156111700,a,2,66212.37,1.7e-05
68,1784621796156111700,a,3,66213.25,0.01510272
68,1784621796156111700,a,4,66214,0.0078
68,1784621796156111700,a,5,66214.23,0.16928079
68,1784621796156111700,a,6,66214.24,0.15102493
68,1784621796156111700,a,7,66214.29,0.0001164
68,1784621796156111700,a,8,66214.4,0.00153174
68,1784621796156111700,a,9,66215.46,0.0227032
68,1784621796156111700,a,10,66215.51,0.09070899
68,1784621796156111700,a,11,66215.61,0.03770458
69,1784621797572904400,b,0,66218.05,0.00060837
69,1784621797572904400,b,1,66216.44,0.03290281
69,1784621797572904400,b,2,66216,0.0078
69,1784621797572904400,b,3,66215.44,0.00528573
69,1784621797572904400,b,4,66214,0.0078
69,1784621797572904400,b,5,66213.78,0.00528573
69,1784621797572904400,b,6,66212.4,0.03815404
69,1784621797572904400,b,7,66212.39,0.04540639
69,1784621797572904400,b,8,66211.91,0.09217009
69,1784621797572904400,b,9,66210.25,0.00528605
69,1784621797572904400,b,10,66210,0.0078
69,1784621797572904400,b,11,66209.57,0.001655
69,1784621797572904400,a,0,66211.92,0.17881781
69,1784621797572904400,a,1,66211.97,0.0002505
69,1784621797572904400,a,2,66212.37,1.7e-05
69,1784621797572904400,a,3,66213.25,0.01510272
69,1784621797572904400,a,4,66214.29,0.0001164
69,1784621797572904400,a,5,66214.4,0.00153174
69,1784621797572904400,a,6,66215.44,0.17380784
69,1784621797572904400,a,7,66215.45,0.09070899
69,1784621797572904400,a,8,66215.46,0.0227032
69,1784621797572904400,a,9,66215.61,0.03770458
69,1784621797572904400,a,10,66215.89,9.439e-05
69,1784621797572904400,a,11,66216,0.0078
70,1784621797787307000,b,0,66221.9,0.19907
70,1784621797787307000,b,1,66221.89,0.0459008
70,1784621797787307000,b,2,66221.88,0.0253
70,1784621797787307000,b,3,66221.79,0.04679452
70,1784621797787307000,b,4,66221.78,0.05207978
70,1784621797787307000,b,5,66220.12,0.00528526
70,1784621797787307000,b,6,66220,0.0078
70,1784621797787307000,b,7,66218,0.0078
70,1784621797787307000,b,8,66217.89,0.00660658
70,1784621797787307000,b,9,66216,0.0078
70,1784621797787307000,b,10,66214.05,0.12082026
70,1784621797787307000,b,11,66214,0.0078
70,1784621797787307000,a,0,66221.91,0.0227032
70,1784621797787307000,a,1,66222.23,0.00038328
70,1784621797787307000,a,2,66223.5,1.7e-05
70,1784621797787307000,a,3,66224,0.00153174
70,1784621797787307000,a,4,66224.3,0.03645475
70,1784621797787307000,a,5,66224.62,0.15100125
70,1784621797787307000,a,6,66225,2.266e-05
70,1784621797787307000,a,7,66226,0.0078
70,1784621797787307000,a,8,66226.77,5.82e-05
70,1784621797787307000,a,9,66227.2,0.00153174
70,1784621797787307000,a,10,66227.21,1.7e-05
70,1784621797787307000,a,11,66227.55,0.02717711
71,1784621798256008000,b,0,66223.49,0.28998007
71,1784621798256008000,b,1,66222.22,0.00368078
71,1784621798256008000,b,2,66222,0.0074
71,1784621798256008000,b,3,66221.91,0.00528524
71,1784621798256008000,b,4,66220.88,0.1208078
71,1784621798256008000,b,5,66220.12,0.00528526
71,1784621798256008000,b,6,66220,0.0078
71,1784621798256008000,b,7,66219.08,0.12081109
71,1784621798256008000,b,8,66218.17,0.04540639
71,1784621798256008000,b,9,66218.16,0.09070899
71,1784621798256008000,b,10,66218,0.0078
71,1784621798256008000,b,11,66217.97,0.00075503
71,1784621798256008000,a,0,66223.5,1.7e-05
71,1784621798256008000,a,1,66224.6,0.03704217
71,1784621798256008000,a,2,66226.77,5.82e-05
71,1784621798256008000,a,3,66227.2,0.00153174
71,1784621798256008000,a,4,66227.21,1.7e-05
71,1784621798256008000,a,5,66228,0.0074
71,1784621798256008000,a,6,66228.53,0.0079271
71,1784621798256008000,a,7,66229.44,0.12079222
71,1784621798256008000,a,8,66229.68,0.0001164
71,1784621798256008000,a,9,66230.4,0.00153174
71,1784621798256008000,a,10,66230.92,1.7e-05
71,1784621798256008000,a,11,66231.81,0.0227032
72,1784621798728878100,b,0,66227.52,0.18159281
72,1784621798728878100,b,1,66227.21,0.03290281
72,1784621798728878100,b,2,66227.2,0.00528482
72,1784621798728878100,b,3,66226,0.0074
72,1784621798728878100,b,4,66225.54,0.00528482
72,1784621798728878100,b,5,66223.82,0.04540639
72,1784621798728878100,b,6,66223.49,8.803e-05
72,1784621798728878100,b,7,66223.31,0.00660603
72,1784621798728878100,b,8,66222.61,0.02
72,1784621798728878100,b,9,66222.6,0.001605
72,1784621798728878100,b,10,66222.22,0.00368078
72,1784621798728878100,b,11,66222,0.0074
72,1784621798728878100,a,0,66227.2,0.02303033
72,1784621798728878100,a,1,66227.21,1.7e-05
72,1784621798728878100,a,2,66227.47,0.1207958
72,1784621798728878100,a,3,66227.53,0.01519744
72,1784621798728878100,a,4,66228.53,0.0079271
72,1784621798728878100,a,5,66228.85,0.00754958
72,1784621798728878100,a,6,66229.86,0.0376976
72,1784621798728878100,a,7,66230,0.0074
72,1784621798728878100,a,8,66230.4,0.00153174
72,1784621798728878100,a,9,66230.85,0.03973131
72,1784621798728878100,a,10,66230.92,1.7e-05
72,1784621798728878100,a,11,66231.1,0.1046509
73,1784621799256362400,b,0,66232,0.0074
73,1784621799256362400,b,1,66230.92,0.00528443
73,1784621799256362400,b,2,66230,0.0074
73,1784621799256362400,b,3,66229.86,0.13098271
73,1784621799256362400,b,4,66229.85,0.00099716
73,1784621799256362400,b,5,66229.26,0.00528443
73,1784621799256362400,b,6,66228.19,0.00528462
73,1784621799256362400,b,7,66228,0.0074
73,1784621799256362400,b,8,66227.03,0.00660554
73,1784621799256362400,b,9,66226,0.0074
73,1784621799256362400,b,10,66224.02,0.18992299
73,1784621799256362400,b,11,66224.01,0.18192555
73,1784621799256362400,a,0,66230.92,1.7e-05
73,1784621799256362400,a,1,66231.81,0.0227032
73,1784621799256362400,a,2,66233.6,0.00153174
73,1784621799256362400,a,3,66233.73,0.11961644
73,1784621799256362400,a,4,66233.74,0.09070899
73,1784621799256362400,a,5,66233.83,0.00076656
73,1784621799256362400,a,6,66233.91,0.15098007
73,1784621799256362400,a,7,66234,0.0074
73,1784621799256362400,a,8,66234.15,0.00366035
73,1784621799256362400,a,9,66234.63,1.7e-05
73,1784621799256362400,a,10,66234.83,0.00671738
73,1784621799256362400,a,11,66235.88,0.09070899
74,1784621799675171500,b,0,66230.92,0.06820693
74,1784621799675171500,b,1,66230,0.0074
74,1784621799675171500,b,2,66229.85,0.00099716
74,1784621799675171500,b,3,66229.26,0.00528443
74,1784621799675171500,b,4,66228,0.0074
74,1784621799675171500,b,5,66227.03,0.00660554
74,1784621799675171500,b,6,66226.29,0.001601
74,1784621799675171500,b,7,66226,0.0074
74,1784621799675171500,b,8,66224.76,0.00075491
74,1784621799675171500,b,9,66223.89,0.20187314
74,1784621799675171500,b,10,66223.88,0.18192555
74,1784621799675171500,b,11,66223.87,0.02
74,1784621799675171500,a,0,66230.93,0.22676787
74,1784621799675171500,a,1,66232,0.04161344
74,1784621799675171500,a,2,66232.01,0.05730894
74,1784621799675171500,a,3,66233.69,0.12403424
74,1784621799675171500,a,4,66233.7,0.09070899
74,1784621799675171500,a,5,66233.83,0.00076656
74,1784621799675171500,a,6,66233.89,0.03769269
74,1784621799675171500,a,7,66234,0.0074
74,1784621799675171500,a,8,66234.15,0.00366035
74,1784621799675171500,a,9,66234.63,1.7e-05
74,1784621799675171500,a,10,66234.83,0.00671738
74,1784621799675171500,a,11,66235.1,0.001601
75,1784621800375081700,b,0,66231.98,0.09351248
75,1784621800375081700,b,1,66230.92,0.00021973
75,1784621800375081700,b,2,66230.32,0.00528445
75,1784621800375081700,b,3,66230,0.0074
75,1784621800375081700,b,4,66229.85,0.00099716
75,1784621800375081700,b,5,66228.09,0.00660556
75,1784621800375081700,b,6,66228,0.0074
75,1784621800375081700,b,7,66226.92,0.05415327
75,1784621800375081700,b,8,66226.91,0.09070899
75,1784621800375081700,b,9,66226.29,0.001601
75,1784621800375081700,b,10,66226,0.0074
75,1784621800375081700,b,11,66225.18,0.00075492
75,1784621800375081700,a,0,66231.99,0.2378106
75,1784621800375081700,a,1,66232,0.19528689
75,1784621800375081700,a,2,66233.73,0.12078437
75,1784621800375081700,a,3,66233.83,0.00076656
75,1784621800375081700,a,4,66233.89,0.03769269
75,1784621800375081700,a,5,66234,0.0074
75,1784621800375081700,a,6,66234.15,0.00366035
75,1784621800375081700,a,7,66234.63,1.7e-05
75,1784621800375081700,a,8,66235.1,0.001601
75,1784621800375081700,a,9,66235.67,0.09070899
75,1784621800375081700,a,10,66235.93,0.00038328
75,1784621800375081700,a,11,66236,0.0074
76,1784621801255295300,b,0,66231.98,0.0935121
76,1784621801255295300,b,1,66230.92,0.00021973
76,1784621801255295300,b,2,66230.32,0.00528445
76,1784621801255295300,b,3,66230,0.0074
76,1784621801255295300,b,4,66229.85,0.00099716
76,1784621801255295300,b,5,66228.09,0.00660556
76,1784621801255295300,b,6,66228,0.0074
76,1784621801255295300,b,7,66226.92,0.05415327
76,1784621801255295300,b,8,66226.91,0.09070899
76,1784621801255295300,b,9,66226.29,0.001601
76,1784621801255295300,b,10,66226,0.0074
76,1784621801255295300,b,11,66224.96,0.18993314
76,1784621801255295300,a,0,66231.99,0.27770147
76,1784621801255295300,a,1,66232,0.19528689
76,1784621801255295300,a,2,66232.06,0.03660334
76,1784621801255295300,a,3,66233.73,0.12078437
76,1784621801255295300,a,4,66233.83,0.00076656
76,1784621801255295300,a,5,66233.89,0.03769269
76,1784621801255295300,a,6,66234.15,0.00366035
76,1784621801255295300,a,7,66234.63,1.7e-05
76,1784621801255295300,a,8,66235.1,0.001601
76,1784621801255295300,a,9,66235.67,0.09070899
76,1784621801255295300,a,10,66235.93,0.00038328
76,1784621801255295300,a,11,66236,0.0074
77,1784621801905606200,b,0,66231.99,0.06328712
77,1784621801905606200,b,1,66231.98,0.03292807
77,1784621801905606200,b,2,66230.92,0.00021973
77,1784621801905606200,b,3,66230.34,0.00528438
77,1784621801905606200,b,4,66230,0.0074
77,1784621801905606200,b,5,66229.85,0.00099716
77,1784621801905606200,b,6,66229.41,0.00075492
77,1784621801905606200,b,7,66228.11,0.00819948
77,1784621801905606200,b,8,66228,0.0074
77,1784621801905606200,b,9,66226.04,0.21435094
77,1784621801905606200,b,10,66226,0.0074
77,1784621801905606200,b,11,66223.84,0.18192555
77,1784621801905606200,a,0,66232,0.08380508
77,1784621801905606200,a,1,66233.87,0.17804736
77,1784621801905606200,a,2,66233.88,0.09070899
77,1784621801905606200,a,3,66233.89,0.03769269
77,1784621801905606200,a,4,66234,0.0074
77,1784621801905606200,a,5,66234.15,0.00366035
77,1784621801905606200,a,6,66234.63,1.7e-05
77,1784621801905606200,a,7,66235.93,0.00038328
77,1784621801905606200,a,8,66236,0.0074
77,1784621801905606200,a,9,66236.37,0.15097447
77,1784621801905606200,a,10,66236.74,0.17333347
77,1784621801905606200,a,11,66236.75,0.09070899
78,1784621802917952100,b,0,66231.99,0.03798692
78,1784621802917952100,b,1,66231.98,0.03292807
78,1784621802917952100,b,2,66230.92,0.00021973
78,1784621802917952100,b,3,66230.34,0.00528438
78,1784621802917952100,b,4,66230,0.0074
78,1784621802917952100,b,5,66229.85,0.00099716
78,1784621802917952100,b,6,66228.37,0.00075492
78,1784621802917952100,b,7,66228.11,0.00819948
78,1784621802917952100,b,8,66228,0.0074
78,1784621802917952100,b,9,66226.46,0.13989465
78,1784621802917952100,b,10,66226.45,0.09070899
78,1784621802917952100,b,11,66226,0.0074
78,1784621802917952100,a,0,66232,0.27666864
78,1784621802917952100,a,1,66232.76,0.00875382
78,1784621802917952100,a,2,66234,0.0074
78,1784621802917952100,a,3,66234.15,0.00366035
78,1784621802917952100,a,4,66234.63,1.7e-05
78,1784621802917952100,a,5,66235.93,0.00038328
78,1784621802917952100,a,6,66236,0.0074
78,1784621802917952100,a,7,66236.36,0.09070899
78,1784621802917952100,a,8,66236.37,0.15097447
78,1784621802917952100,a,9,66236.8,0.00153174
78,1784621802917952100,a,10,66236.92,0.001594
78,1784621802917952100,a,11,66236.97,0.01464359
79,1784621804365612600,b,0,66229.97,0.26765169
79,1784621804365612600,b,1,66229.89,0.02864317
79,1784621804365612600,b,2,66229.88,0.03270281
79,1784621804365612600,b,3,66229.85,0.00099716
79,1784621804365612600,b,4,66228.2,0.00528454
79,1784621804365612600,b,5,66228.11,0.001594
79,1784621804365612600,b,6,66228,0.0074
79,1784621804365612600,b,7,66226.68,0.02105644
79,1784621804365612600,b,8,66226.48,0.13989465
79,1784621804365612600,b,9,66226.45,0.09070899
79,1784621804365612600,b,10,66226,0.0074
79,1784621804365612600,b,11,66225.97,0.00660567
79,1784621804365612600,a,0,66229.98,0.0839987
79,1784621804365612600,a,1,66230,0.93944914
79,1784621804365612600,a,2,66232,0.12078753
79,1784621804365612600,a,3,66232.76,0.00871944
79,1784621804365612600,a,4,66234.15,0.00366035
79,1784621804365612600,a,5,66234.63,1.7e-05
79,1784621804365612600,a,6,66234.95,0.0067175
79,1784621804365612600,a,7,66235.93,0.00038328
79,1784621804365612600,a,8,66236,0.0074
79,1784621804365612600,a,9,66236.6,0.00792613
79,1784621804365612600,a,10,66236.8,0.00153174
79,1784621804365612600,a,11,66236.92,0.001594
80,1784621805385083500,b,0,66229.99,0.14058194
80,1784621805385083500,b,1,66229.98,0.03280258
80,1784621805385083500,b,2,66229.97,0.03270281
80,1784621805385083500,b,3,66229.85,0.00099716
80,1784621805385083500,b,4,66228.2,0.00528454
80,1784621805385083500,b,5,66228.11,0.001594
80,1784621805385083500,b,6,66228,0.0074
80,1784621805385083500,b,7,66226.68,0.02105644
80,1784621805385083500,b,8,66226,0.0074
80,1784621805385083500,b,9,66225.97,0.00660567
80,1784621805385083500,b,10,66223.88,0.08132358
80,1784621805385083500,b,11,66223.87,0.09070899
80,1784621805385083500,a,0,66230,0.68921754
80,1784621805385083500,a,1,66230.02,0.0151011
80,1784621805385083500,a,2,66231.05,0.0151011
80,1784621805385083500,a,3,66231.9,0.07211026
80,1784621805385083500,a,4,66231.91,0.1207877
80,1784621805385083500,a,5,66234.15,0.00366035
80,1784621805385083500,a,6,66234.63,1.7e-05
80,1784621805385083500,a,7,66234.96,0.0067175
80,1784621805385083500,a,8,66234.97,0.00792633
80,1784621805385083500,a,9,66235.3,9.436e-05
80,1784621805385083500,a,10,66235.93,0.00038328
80,1784621805385083500,a,11,66235.99,0.05058624
81,1784621807458549000,b,0,66229.99,0.06818699
81,1784621807458549000,b,1,66229.98,0.03280258
81,1784621807458549000,b,2,66229.97,0.03270281
81,1784621807458549000,b,3,66229.85,0.00099716
81,1784621807458549000,b,4,66228.2,0.00528454
81,1784621807458549000,b,5,66228,0.0074
81,1784621807458549000,b,6,66226.68,0.02105644
81,1784621807458549000,b,7,66226.65,0.001602
81,1784621807458549000,b,8,66226,0.0074
81,1784621807458549000,b,9,66225.97,0.00660567
81,1784621807458549000,b,10,66225.02,0.03158812
81,1784621807458549000,b,11,66224,0.0074
81,1784621807458549000,a,0,66230,0.16613707
81,1784621807458549000,a,1,66230.54,0.0227032
81,1784621807458549000,a,2,66230.55,0.14422199
81,1784621807458549000,a,3,66230.56,0.12079017
81,1784621807458549000,a,4,66231.91,0.1207877
81,1784621807458549000,a,5,66234,0.0074
81,1784621807458549000,a,6,66234.15,0.00366035
81,1784621807458549000,a,7,66234.63,1.7e-05
81,1784621807458549000,a,8,66234.97,0.01464383
81,1784621807458549000,a,9,66235.27,0.10846637
81,1784621807458549000,a,10,66235.28,0.09070899
81,1784621807458549000,a,11,66235.3,9.436e-05
82,1784621809865896600,b,0,66229.99,0.06818678
82,1784621809865896600,b,1,66229.98,0.03280258
82,1784621809865896600,b,2,66229.97,0.03270281
82,1784621809865896600,b,3,66229.85,0.00099716
82,1784621809865896600,b,4,66228.66,0.0150992
82,1784621809865896600,b,5,66228.2,0.00528454
82,1784621809865896600,b,6,66228,0.0074
82,1784621809865896600,b,7,66227.54,0.01839859
82,1784621809865896600,b,8,66227.2,0.00153174
82,1784621809865896600,b,9,66226.68,0.02105644
82,1784621809865896600,b,10,66226.65,0.001602
82,1784621809865896600,b,11,66226,0.0074
82,1784621809865896600,a,0,66230,0.16642091
82,1784621809865896600,a,1,66230.54,0.0227032
82,1784621809865896600,a,2,66230.55,0.14422199
82,1784621809865896600,a,3,66230.56,0.12079017
82,1784621809865896600,a,4,66231.33,0.0150986
82,1784621809865896600,a,5,66231.91,0.1207877
82,1784621809865896600,a,6,66233.76,0.11422253
82,1784621809865896600,a,7,66233.79,0.03769269
82,1784621809865896600,a,8,66234,0.0074
82,1784621809865896600,a,9,66234.15,0.00366035
82,1784621809865896600,a,10,66234.63,1.7e-05
82,1784621809865896600,a,11,66234.97,0.01464383
83,1784621815264136500,b,0,66229.99,0.06774739
83,1784621815264136500,b,1,66229.98,0.03355563
83,1784621815264136500,b,2,66229.97,0.03270281
83,1784621815264136500,b,3,66229.85,0.00099716
83,1784621815264136500,b,4,66229.17,0.00075494
83,1784621815264136500,b,5,66229.12,0.01748917
83,1784621815264136500,b,6,66228.66,0.0150992
83,1784621815264136500,b,7,66228.2,0.00528454
83,1784621815264136500,b,8,66228,0.0074
83,1784621815264136500,b,9,66227.2,0.00153174
83,1784621815264136500,b,10,66226.68,0.02105644
83,1784621815264136500,b,11,66226.65,0.001602
83,1784621815264136500,a,0,66230,0.17624194
83,1784621815264136500,a,1,66230.54,0.0227032
83,1784621815264136500,a,2,66230.55,0.15639076
83,1784621815264136500,a,3,66230.56,0.12079017
83,1784621815264136500,a,4,66231.33,0.0150986
83,1784621815264136500,a,5,66231.66,0.00528461
83,1784621815264136500,a,6,66231.91,0.1207877
83,1784621815264136500,a,7,66233.6,0.00153174
83,1784621815264136500,a,8,66233.61,0.03769269
83,1784621815264136500,a,9,66233.89,0.00660576
83,1784621815264136500,a,10,66234,0.0074
83,1784621815264136500,a,11,66234.15,0.00366035
84,1784621816840041900,b,0,66228.9,0.05061126
84,1784621816840041900,b,1,66228.25,0.00075494
84,1784621816840041900,b,2,66227.57,0.01509946
84,1784621816840041900,b,3,66227.25,0.00528465
84,1784621816840041900,b,4,66227.2,0.00153174
84,1784621816840041900,b,5,66226.68,0.02105644
84,1784621816840041900,b,6,66226.65,0.001602
84,1784621816840041900,b,7,66226,0.0074
84,1784621816840041900,b,8,66225.97,0.00660567
84,1784621816840041900,b,9,66224.72,0.04540639
84,1784621816840041900,b,10,66224,0.00153174
84,1784621816840041900,b,11,66223.78,0.018
84,1784621816840041900,a,0,66228.91,0.34304605
84,1784621816840041900,a,1,66229.86,0.17528339
84,1784621816840041900,a,2,66229.99,0.01399781
84,1784621816840041900,a,3,66230,0.07013766
84,1784621816840041900,a,4,66230.54,0.0227032
84,1784621816840041900,a,5,66231.66,0.00528461
84,1784621816840041900,a,6,66231.91,0.1207877
84,1784621816840041900,a,7,66232,0.0074
84,1784621816840041900,a,8,66233.6,0.07610042
84,1784621816840041900,a,9,66233.61,0.03769269
84,1784621816840041900,a,10,66233.89,0.00660576
84,1784621816840041900,a,11,66234,0.0074
85,1784621817536500500,b,0,66225.18,0.03340277
85,1784621817536500500,b,1,66223.85,0.0151003
85,1784621817536500500,b,2,66223.5,1.7e-05
85,1784621817536500500,b,3,66223.49,8.803e-05
85,1784621817536500500,b,4,66222.22,0.00368078
85,1784621817536500500,b,5,66222,0.0074
85,1784621817536500500,b,6,66221.9,0.001567
85,1784621817536500500,b,7,66220.8,0.00153174
85,1784621817536500500,b,8,66220,0.0178
85,1784621817536500500,b,9,66219.79,1.7e-05
85,1784621817536500500,b,10,66218.82,0.018
85,1784621817536500500,b,11,66218.35,0.09070899
85,1784621817536500500,a,0,66225.19,0.31116593
85,1784621817536500500,a,1,66226,0.0074
85,1784621817536500500,a,2,66226.52,0.0150997
85,1784621817536500500,a,3,66226.77,0.16226948
85,1784621817536500500,a,4,66226.78,0.03769269
85,1784621817536500500,a,5,66226.85,0.00528499
85,1784621817536500500,a,6,66227.17,0.09070899
85,1784621817536500500,a,7,66227.21,0.12079627
85,1784621817536500500,a,8,66228,0.0074
85,1784621817536500500,a,9,66228.08,0.00331899
85,1784621817536500500,a,10,66229.08,0.00660624
85,1784621817536500500,a,11,66229.96,0.04540639
86,1784621818020109700,b,0,66222.22,0.00422768
86,1784621818020109700,b,1,66220.8,0.00153174
86,1784621818020109700,b,2,66220,0.01
86,1784621818020109700,b,3,66219.79,1.7e-05
86,1784621818020109700,b,4,66218,0.0074
86,1784621818020109700,b,5,66217.97,0.001656
86,1784621818020109700,b,6,66217.6,0.00153174
86,1784621818020109700,b,7,66216.08,1.7e-05
86,1784621818020109700,b,8,66216,0.0078
86,1784621818020109700,b,9,66215.69,0.00755108
86,1784621818020109700,b,10,66215.5,0.0075511
86,1784621818020109700,b,11,66215,0.01
86,1784621818020109700,a,0,66223.83,0.15889739
86,1784621818020109700,a,1,66223.84,0.09070899
86,1784621818020109700,a,2,66223.86,0.14665259
86,1784621818020109700,a,3,66224,0.0074
86,1784621818020109700,a,4,66225.18,0.01399821
86,1784621818020109700,a,5,66226,0.0074
86,1784621818020109700,a,6,66226.75,0.16226948
86,1784621818020109700,a,7,66226.76,0.09070899
86,1784621818020109700,a,8,66226.78,0.001656
86,1784621818020109700,a,9,66226.85,0.00528499
86,1784621818020109700,a,10,66227.21,0.12079627
86,1784621818020109700,a,11,66228,0.0074
87,1784621818248321200,b,0,66216.08,1.7e-05
87,1784621818248321200,b,1,66214.4,0.03380281
87,1784621818248321200,b,2,66214.18,0.0284182
87,1784621818248321200,b,3,66212.47,5.117e-05
87,1784621818248321200,b,4,66212.37,1.7e-05
87,1784621818248321200,b,5,66211.91,0.00013144
87,1784621818248321200,b,6,66211.2,0.00153174
87,1784621818248321200,b,7,66211.11,0.0075516
87,1784621818248321200,b,8,66210.5,0.04540639
87,1784621818248321200,b,9,66210.09,0.00010233
87,1784621818248321200,b,10,66210,0.0174
87,1784621818248321200,b,11,66208.66,1.7e-05
87,1784621818248321200,a,0,66216.09,0.37744543
87,1784621818248321200,a,1,66217.42,0.01510176
87,1784621818248321200,a,2,66217.51,0.00314709
87,1784621818248321200,a,3,66218,0.0074
87,1784621818248321200,a,4,66218.19,0.09070899
87,1784621818248321200,a,5,66219.77,0.15101231
87,1784621818248321200,a,6,66219.79,0.01399873
87,1784621818248321200,a,7,66219.99,0.06486765
87,1784621818248321200,a,8,66220,0.0074
87,1784621818248321200,a,9,66220.81,0.09070899
87,1784621818248321200,a,10,66221.45,0.00528557
87,1784621818248321200,a,11,66222,0.0074
88,1784621818995598400,b,0,66214.4,0.04944072
88,1784621818995598400,b,1,66214.18,0.02086695
88,1784621818995598400,b,2,66213.07,0.01510276
88,1784621818995598400,b,3,66212.37,1.7e-05
88,1784621818995598400,b,4,66212,0.0074
88,1784621818995598400,b,5,66211.91,0.00013144
88,1784621818995598400,b,6,66211.2,0.00153174
88,1784621818995598400,b,7,66211.11,0.0075516
88,1784621818995598400,b,8,66210.5,0.04540639
88,1784621818995598400,b,9,66210.34,0.001582
88,1784621818995598400,b,10,66210,0.0174
88,1784621818995598400,b,11,66209.43,0.00755179
88,1784621818995598400,a,0,66214.41,0.32364413
88,1784621818995598400,a,1,66215.74,0.01510214
88,1784621818995598400,a,2,66216,0.0074
88,1784621818995598400,a,3,66216.05,0.0227032
88,1784621818995598400,a,4,66216.07,0.12598744
88,1784621818995598400,a,5,66216.08,0.01399895
88,1784621818995598400,a,6,66216.09,0.15934259
88,1784621818995598400,a,7,66217.75,0.00528572
88,1784621818995598400,a,8,66218,0.0074
88,1784621818995598400,a,9,66218.7,0.0560321
88,1784621818995598400,a,10,66218.71,0.09070899
88,1784621818995598400,a,11,66219.16,0.001614
89,1784621819927260200,b,0,66212.37,9.402e-05
89,1784621819927260200,b,1,66211.91,0.00013144
89,1784621819927260200,b,2,66210,0.01
89,1784621819927260200,b,3,66209.45,0.04540639
89,1784621819927260200,b,4,66209.43,0.01510358
89,1784621819927260200,b,5,66208.86,0.001645
89,1784621819927260200,b,6,66208.66,1.7e-05
89,1784621819927260200,b,7,66208,0.00153174
89,1784621819927260200,b,8,66207.78,0.01510396
89,1784621819927260200,b,9,66207.23,0.01999744
89,1784621819927260200,b,10,66205.7,0.01899552
89,1784621819927260200,b,11,66205,0.01
89,1784621819927260200,a,0,66212.38,0.31671324
89,1784621819927260200,a,1,66213.07,0.33588367
89,1784621819927260200,a,2,66213.08,0.14082204
89,1784621819927260200,a,3,66214,0.0074
89,1784621819927260200,a,4,66214.19,0.09070899
89,1784621819927260200,a,5,66214.4,0.01857
89,1784621819927260200,a,6,66214.41,0.0573504
89,1784621819927260200,a,7,66214.73,0.00528599
89,1784621819927260200,a,8,66216,0.0074
89,1784621819927260200,a,9,66216.05,0.0227032
89,1784621819927260200,a,10,66216.09,0.12081655
89,1784621819927260200,a,11,66216.89,0.03769269
90,1784621820156027600,b,0,66205.75,0.00755221
90,1784621820156027600,b,1,66204.95,1.7e-05
90,1784621820156027600,b,2,66204.8,0.00153174
90,1784621820156027600,b,3,66202,0.0078
90,1784621820156027600,b,4,66201.6,0.00153174
90,1784621820156027600,b,5,66201.24,1.7e-05
90,1784621820156027600,b,6,66200.22,5.117e-05
90,1784621820156027600,b,7,66200,0.01
90,1784621820156027600,b,8,66198.78,0.18192555
90,1784621820156027600,b,9,66198.74,0.09070899
90,1784621820156027600,b,10,66198.73,0.04540639
90,1784621820156027600,b,11,66198.4,0.00153174
90,1784621820156027600,a,0,66205.76,0.35975271
90,1784621820156027600,a,1,66206,0.0078
90,1784621820156027600,a,2,66207.13,0.03769269
90,1784621820156027600,a,3,66208,0.0078
90,1784621820156027600,a,4,66208.01,0.00314719
90,1784621820156027600,a,5,66209.43,0.01399944
90,1784621820156027600,a,6,66209.96,0.1974426
90,1784621820156027600,a,7,66209.97,0.09070899
90,1784621820156027600,a,8,66209.98,0.0227032
90,1784621820156027600,a,9,66210,0.0278
90,1784621820156027600,a,10,66210.01,0.00031078
90,1784621820156027600,a,11,66211.09,0.00528628
91,1784621820749164100,b,0,66211.68,0.05680281
91,1784621820749164100,b,1,66209.96,0.11487168
91,1784621820749164100,b,2,66208.98,0.11487168
91,1784621820749164100,b,3,66208,0.28977899
91,1784621820749164100,b,4,66207.17,0.0452
91,1784621820749164100,b,5,66207.16,0.0376
91,1784621820749164100,b,6,66207.13,0.07930281
91,1784621820749164100,b,7,66207.12,0.09930281
91,1784621820749164100,b,8,66205.76,0.29732379
91,1784621820749164100,b,9,66205.75,0.00816177
91,1784621820749164100,b,10,66204.95,1.7e-05
91,1784621820749164100,b,11,66204.8,0.00153174
91,1784621820749164100,a,0,66208.19,0.00314722
91,1784621820749164100,a,1,66208.74,0.00528649
91,1784621820749164100,a,2,66210.01,0.00031078
91,1784621820749164100,a,3,66210.97,0.00660812
91,1784621820749164100,a,4,66215.59,0.001635
91,1784621820749164100,a,5,66216,0.0074
91,1784621820749164100,a,6,66217.95,0.00075518
91,1784621820749164100,a,7,66218,0.0074
91,1784621820749164100,a,8,66219.79,1.7e-05
91,1784621820749164100,a,9,66220,0.0174
91,1784621820749164100,a,10,66220.05,0.00076656
91,1784621820749164100,a,11,66222,0.0074
92,1784621821046085200,b,0,66211.93,0.03390281
92,1784621821046085200,b,1,66211.92,0.03390281
92,1784621821046085200,b,2,66211.91,0.03390281
